2222 3594
396 226 418 270 1
429 225 489 271 66
1165 241 1400 275 conssEN:

391 305 2143 318 —ssm——ffi———ss—-q———ffi-
2201 313 2203 318 1

869 370 948 430 m.
971 353 1151 403 siuttiis
1186 373 1266 432 m.
1289 373 1353 402 n.
1374 356 1589 432 puntiis.
1610 373 1658 432 m

874 459 916 522 a]
935 458 1095 508 idilis.
1123 460 1275 536 ekak.
1295 464 1455 508 viam.
1478 462 1711 524 teremn[a

876 563 916 628 t]
935 570 1068 612 tens.
1090 571 1204 612 ant.
1224 569 1506 630 punttram
1529 566 1629 614 staf
1633 566 1671 630 [1

862 686 1002 716 anam
1026 708 1035 716 .
1056 674 1138 717 viu
1162 708 1171 716 .
1191 676 1515 719 teremnatust
1536 709 1545 717 .
1567 687 1655 735 per

861 773 907 821 X
929 813 938 821 .
958 778 1094 823 iussu
1117 811 1127 821 .
1147 779 1226 822 via
1247 813 1257 822 .
1279 775 1590 840 pumpaiiana
1612 814 1620 823 .
1641 783 1718 823 ter

863 886 1135 928 emnattens
1158 918 1166 927 .
1188 880 1337 945 pei-ek
1359 916 1369 926 .
1390 879 1461 927 III
1485 918 1494 927 .
1517 887 1602 927 ant
1622 917 1631 927 .
1654 881 1733 928 kai

861 985 909 1032 la
930 1023 939 1032 .
960 984 1112 1033 iuveis
1135 1023 1144 1032 .
1167 985 1445 1033 meelikiieis
1467 1022 1477 1033 .
1499 985 1637 1034 ekass
1660 1025 1669 1033 .
1692 990 1742 1034 vi

862 1107 940 1138 ass
962 1127 972 1136 .
993 1094 1059 1137 ini
1081 1129 1090 1137 .
1112 1094 1191 1138 via
1212 1129 1221 1137 .
1242 1090 1388 1138 iuviia
1409 1129 1418 1138 .
1440 1095 1506 1138 ini
1527 1127 1537 1138 .
1559 1091 1765 1139 dekkvia

861 1199 954 1243 rim
973 1233 983 1242 .
1005 1196 1237 1244 medikeis
1260 1234 1268 1243 .
1288 1196 1639 1262 pumpaiianeiS

863 1301 1086 1349 serevkid
1109 1339 1118 1348 .
1141 1301 1331 1349 imaden
1354 1340 1363 1348 .
1387 1320 1598 1367 uupsens
1620 1341 1629 1349 .
1653 1307 1702 1349 iu

863 1424 918 1455 su
940 1444 950 1453 .
973 1406 1127 1455 aidilis
1164 1407 1439 1472 prufattens

710 1544 841 1582 Maius
873 1543 1025 1583 Suttius
1054 1545 1151 1583 Maii
1179 1545 1206 1582 f.
1237 1545 1445 1583 Numisius
1476 1546 1641 1584 Pontius
1671 1546 1764 1584 Maii
1794 1546 1821 1584 f.

713 1612 863 1650 aediles
892 1613 957 1650 hic
986 1614 1090 1651 viam
1121 1614 1305 1651 termina-

711 1686 853 1718 verunt
880 1686 971 1718 ante
999 1687 1161 1732 pontem
1193 1680 1321 1720 Stabi-

711 1761 842 1786 anum.
888 1749 964 1787 Via
993 1750 1205 1787 terminata
1235 1749 1294 1787 est
1324 1750 1451 1800 cippis

710 1816 763 1854 X.
822 1817 947 1855 Iidem
974 1818 1082 1859 ,viam
1112 1810 1398 1868 Pompeianam
1428 1825 1502 1855 ter-

711 1885 959 1923 minaverunt
988 1887 1116 1937 cippis
1146 1886 1211 1923 111
1242 1893 1332 1924 ante
1363 1899 1449 1923 cae-

710 1953 836 1990 latum
868 1954 1062 2004 (signum)
1092 1955 1199 1992 Iovis
1229 1955 1431 1993 Meilichii.
1489 1955 1575 1992 Has
1607 1954 1665 1992 vi-

712 2033 754 2059 as
784 2028 823 2059 et
850 2023 956 2060 viam
985 2023 1139 2060 Ioviam
1170 2036 1216 2060 ac
1245 2023 1425 2060 decuma-

710 2102 802 2126 nam
830 2090 1001 2128 medices
1031 2090 1266 2140 Pompeiani

711 2149 838 2195 solide
868 2160 917 2196 ab
947 2159 1026 2196 ima
1056 2158 1204 2208 (parte)
1235 2159 1387 2209 operati
1418 2164 1521 2207 sunt,
1551 2160 1596 2197 ii-

709 2226 798 2263 dem
829 2227 978 2264 aediles
1007 2228 1286 2277 probaverunt.

495 2330 600 2368 Dedi
629 2331 787 2368 titulum
817 2345 867 2369 ex
898 2331 1026 2381 effigie
1056 2345 1079 2368 a
1108 2345 1171 2369 me
1201 2332 1409 2379 delineata,
1440 2345 1560 2382 quam
1590 2345 1714 2382 nuper
1742 2345 1803 2370 me
1832 2338 1998 2383 rogante
2022 2331 2073 2371 G.
2095 2333 2143 2370 de
2196 2363 2207 2389 3

383 2399 506 2437 Petra
534 2399 663 2437 denuo
693 2412 781 2436 cum
812 2399 945 2449 lapide
975 2405 1242 2450 comparatam
1272 2406 1311 2438 et
1338 2401 1580 2452 recognitam
1609 2402 1812 2451 probavit,
1851 2401 1994 2439 collato
2025 2401 2143 2438 etiam
2211 2398 2217 2400 Ι

383 2473 524 2517 ectypo
555 2480 580 2504 a
609 2467 657 2505 R.
681 2466 859 2506 Schoene
889 2468 1009 2506 misso
1048 2481 1134 2506 cum
1169 2469 1240 2506 illa
1274 2470 1392 2518 plane
1421 2477 1673 2519 congruente.
1731 2470 1907 2508 Primum
1938 2469 2145 2507 ediderunt
2203 2475 2206 2477 ’

382 2540 422 2573 et
441 2536 687 2584 interpretati
713 2542 805 2573 sunt
824 2536 981 2573 titulum
1004 2536 1220 2581 Μηενυὶηἱ,
1250 2537 1431 2575 Memoria
1448 2538 1680 2575 Ercolanese
1709 2537 1745 2575 d’
1761 2538 1925 2576 archeol.
1954 2536 2033 2575 Vol.
2052 2534 2154 2583 V11‚‘
2200 2550 2210 2569 ι’

382 2603 560 2653 Append.
586 2617 629 2653 p.
655 2605 680 2642 9
709 2617 784 2654 sq.‚
830 2603 1036 2651 Garrucci‚
1069 2605 1092 2641 l.
1115 2617 1145 2641 c.
1174 2618 1212 2653 p.
1234 2605 1285 2642 22
1314 2618 1392 2654 δᾳ,
1436 2605 1658 2651 Qum-anta,
1691 2607 1715 2643 l.
1738 2619 1767 2643 c.
1790 2619 1837 2655 p.
1857 2606 1905 2644 61
1933 2618 2009 2655 sq„
2039 2605 2142 2642 unde

381 2671 551 2718 Henzen,
583 2672 691 2709 Ball.
722 2673 758 2709 d.
779 2673 875 2710 Inst.
906 2678 943 2709 ὰ.
965 2673 1012 2709 R.
1044 2672 1166 2719 1352,
1192 2685 1233 2720 p.
1260 2674 1315 2710 87
1344 2679 1382 2710 et
1409 2673 1602 2720 Fabretti,
1637 2672 1678 2711 C.
1701 2674 1735 2711 I.
1757 2674 1848 2711 Ital.
1881 2679 1904 2710 t.
1927 2673 2003 2720 LI,
2025 2673 2140 2712 2785.

381 2740 619 2777 Accuratam
649 2740 975 2790 magnificamque
1003 2740 1275 2789 inscriptionis
1306 2741 1471 2790 effigiem
1494 2741 1776 2778 conficiendam
1799 2741 1951 2779 curavit
1968 2741 2141 2787 Fiorellzg

381 2807 552 2845 Alonum.
585 2810 704 2858 epiqr.
737 2808 901 2857 Pompei.
933 2808 1006 2846 tab.
1028 2809 1070 2854 I,
1096 2821 1138 2857 p.
1161 2809 1186 2844 5
1215 2821 1271 2857 sq.
1330 2809 1702 2858 Interpretationem
1731 2809 1816 2847 eius
1846 2813 1961 2847 cauta
1987 2809 2141 2846 ratione

381 2875 432 2912 ad
467 2875 623 2926 linguae
656 2874 785 2914 Oscae
815 2876 924 2926 leges
958 2882 1244 2913 revocaverunt
1273 2875 1474 2925 Ausrecht,
1510 2877 1555 2913 Ζ.
1578 2878 1615 2924 f.
1646 2878 1760 2926 veryl.
1792 2877 1883 2927 Spr.
1906 2878 1968 2924 II,
1997 2878 2066 2923 55,
2103 2880 2142 2914 et

407 2943 592 2992 ⁷irchhoff,
613 2943 774 2993 Allqem.
793 2944 1047 2981 Monatsschr.
1070 2943 1194 2990 1852,
1218 2956 1261 2992 p.
1281 2945 1335 2981 57
1339 2944 1364 2980 8
1371 2958 1387 2989 ,·
1416 2945 1608 2994 quaedam
1630 2945 1761 2982 addidi
1783 2957 1870 2995 ego,
1899 2945 1945 2982 Z.
1966 2947 2003 2995 s.
2025 2944 2139 2993 verql.

381 3010 475 3061 Spr.
500 3011 546 3058 V,
577 3011 651 3049 126
680 3025 751 3061 sq„
783 3011 948 3060 Ausspr.
971 3013 1033 3059 ΙΙ,
1058 3011 1132 3049 179
1161 3018 1236 3050 ποτ.
1259 3013 1292 3057 1,
1325 3013 1379 3049 ed.
1404 3013 1442 3060 2,
1473 3013 1641 3062 denique
1669 3013 1853 3060 Enderts,
1883 3013 2072 3050 For-merel.
2102 3012 2139 3048 d.

385 3079 476 3117 0310.
500 3079 592 3128 Spr.
622 3093 658 3117 n.
681 3079 736 3126 X,
768 3081 815 3128 cf.
843 3079 1016 3117 Glossar.

492 3147 611 3185 Hunc
640 3147 795 3186 titulum
827 3160 914 3185 cum
944 3148 1141 3186 neminem
1170 3148 1304 3198 fugere
1334 3149 1461 3198 possit
1491 3149 1633 3187 summi
1663 3149 1851 3190 momenti
1881 3160 1970 3186 esse
2000 3147 2049 3184 ad
2077 3158 2138 3184 co-

378 3216 647 3265 gnoscendum
683 3216 889 3266 regionum
927 3221 966 3253 et
1004 3217 1269 3254 aedificiorum
1310 3217 1446 3267 oppidi
1481 3217 1763 3266 Pompeiorum
1802 3222 1964 3262 statum,
2009 3213 2139 3265 qualis
2162 3240 2181 3279 ,ί

379 3280 617 3320 Samnitium
648 3289 776 3321 aetate
806 3283 943 3331 fuerit,
980 3284 1110 3322 facere
1139 3298 1220 3322 non
1254 3297 1436 3334 possum,
1472 3285 1568 3334 quin
1598 3285 1645 3322 de
1675 3284 1878 3322 vocabulis
1909 3283 2028 3322 Oscis
2057 3282 2140 3319 eius

373 3363 456 3398 per.
490 3368 539 3383 =-
565 3351 717 3400 perek„
749 3352 879 3398 kaila,
924 3351 1181 3399 deklcviarz'm,
1213 3353 1389 3390 serevlcid
1430 3353 1565 3403 paucis
1595 3353 1670 3390 hoc
1699 3353 1787 3390 loco
1817 3364 1951 3402 agam,
1986 3363 2035 3388 ne
2064 3348 2140 3387 viri
