2222 3594
374 204 439 250 84
789 227 791 229 v
1168 214 1368 254 HUBNER

483 333 592 370 Inter
627 334 866 383 cognomina
901 340 1058 383 praeter
1095 341 1245 385 septem
1276 337 1365 383 illa,
1401 350 1503 386 quae
1534 337 1652 374 etiam
1683 335 1844 374 nomina
1872 334 1996 372 fuisse
2026 333 2145 371 modo

375 468 555 507 derivata
585 481 694 507 esse:

847 539 871 576 I
872 540 1076 578 talicianus
1401 541 1634 578 Torasianus

847 607 1044 646 Parianus
1327 622 1342 646 5
1410 609 1462 647 Vo
1468 609 1627 647 lteianus

2198 301 2222 371 ‘i'

371 400 563 446 vidimus,
602 414 776 451 qumque
811 408 868 440 lta
900 402 1071 441 formata
1107 411 1221 450 sunt,
1258 411 1302 442 ut
1336 405 1496 455 possint
1531 405 1650 443 etiam
1687 417 1711 441 a
1746 401 1974 440 nomlmbus
2009 415 2050 439 ln
2086 413 2147 439 ms
2202 420 2222 546 {j

2212 589 2222 648 3

847 676 1043 725 Reyianus
2205 664 2222 685 N*

373 788 452 828 Sed
483 790 659 829 Italicius
678 791 822 841 Reqius
853 792 925 829 vix
954 794 1218 843 reperientur3
1251 792 1498 831 Torasianus
1528 807 1552 831 a
1571 793 1744 830 Torasio
1773 791 1985 842 proficisci,
2013 803 2092 830 non
2122 804 2146 829 a
2183 780 2194 790 ⁸

372 859 574 897 Taurasia
603 860 749 910 oppido
781 865 936 898 vetusto
974 874 1025 898 ex
1061 861 1191 911 elogio
1222 859 1424 910 Scipionis
1456 861 1621 899 Barbati
1658 860 1825 898 senioris
1861 865 1976 905 noto,
2012 872 2145 898 exem-

371 927 482 976 plum
525 928 658 978 ipsum
702 927 863 966 indicat.
932 928 1111 967 Baianus
1147 929 1361 967 Brixianus
1398 930 1602 966 Dacz‘anus
1640 928 1871 966 Hadrianus
1908 927 2144 967 Venusianus

371 1007 466 1033 casu
501 996 639 1034 eodem
675 996 793 1034 modo
830 997 1002 1035 formata
1037 997 1087 1034 ad
1124 997 1246 1035 Baias
1285 997 1468 1035 Brixiam
1496 997 1668 1035 Daciam
1696 996 1892 1035 Hadriam
1922 995 2144 1035 Venusiam

372 1064 457 1101 sine
486 1064 606 1101 dubio
636 1064 846 1102 referenda
876 1071 987 1112 sunt;
1024 1065 1286 1103 Herculanius
1317 1072 1356 1103 et
1384 1065 1670 1104 Praetuttianus
1699 1065 1825 1116 ipsam
1857 1064 2145 1103 adiectivorum

371 1132 619 1170 ethnicorum
655 1133 824 1170 formam
860 1133 1048 1171 referunt.
1107 1133 1189 1172 Pro
1225 1134 1486 1183 Maqonianus
1521 1133 1691 1171 fortasse
1729 1131 2020 1171 emendandum
2056 1144 2143 1172 esse
2190 1128 2193 1132 ’

371 1200 630 1250 Mayontanus
662 1201 757 1238 dixi.

481 1268 548 1306 Ex
585 1269 813 1307 nominibus
850 1269 891 1306 in
930 1272 1039 1308 anius
1074 1276 1232 1320 praeter
1268 1283 1334 1316 ea,
1372 1282 1474 1320 quae
1510 1282 1596 1308 cum
1627 1268 1932 1319 cognominibus
1960 1269 2001 1306 in
2029 1271 2144 1307 ianus

370 1337 449 1374 iam
485 1337 709 1387 composui,
746 1337 822 1374 huc
858 1338 1056 1388 pertinent
1082 1338 1278 1376 Baianius
1306 1351 1394 1376 cum
1425 1338 1579 1376 Baiano
1610 1337 1844 1389 cognomine
1873 1342 1913 1374 et
1941 1336 2142 1376 Maianius

371 1404 667 1451 Trebellianius‚
704 1417 872 1455 quorum
910 1418 983 1444 nec
1016 1406 1217 1444 nominum
1254 1419 1326 1444 nec
1361 1406 1640 1456 cognominum
1674 1405 1715 1443 in
1745 1417 1842 1444 anus
1876 1404 2028 1443 formae
2062 1397 2148 1456 priss

369 1473 521 1511 mariae
551 1473 684 1511 adhuc
711 1478 892 1523 repertae
921 1480 1025 1512 sunt.
1287 1472 1291 1474 ⁷
1625 1524 1629 1526 μ
1735 1467 1739 1475 “
2139 1479 2142 1481 ’

481 1541 591 1579 Inter
629 1553 702 1579 sex
731 1546 770 1579 et
800 1543 1052 1592 septuaginta
1081 1543 1285 1581 nominum
1314 1543 1354 1580 in
1384 1555 1499 1590 anus,
1537 1554 1616 1580 non
1646 1543 1687 1580 in
1717 1544 1848 1588 ianus,
1884 1541 2140 1581 formatorum

370 1609 554 1660 exempla
585 1610 664 1648 duo
694 1622 719 1646 a
747 1610 978 1661 regionibus
1010 1611 1189 1650 derivata
1217 1623 1291 1649 usu
1320 1611 1439 1649 etiam
1469 1610 1704 1661 cognomina
1731 1610 1909 1648 fuerunt:
2024 1595 2027 1601 ‚

844 1717 1058 1767 Africanus
1393 1717 1577 1756 Lucanus

369 1823 463 1861 item
494 1824 544 1861 ab
575 1823 734 1874 oppidis
766 1823 946 1862 derivata
974 1824 1156 1862 undecim

846 1930 1022 1967 Albanus
1393 1929 1600 1967 Norbanus

845 1998 1022 2035 Bolanus
1393 1997 1579 2035 Novanus

847 2066 1051 2104 Firmanus
1393 2065 1629 2103 Puteolanus

844 2133 1068 2172 Labicanus
1303 2146 1336 2171 10
1396 2132 1571 2171 Soranus

775 2214 789 2238 5
844 2202 1126 2251 Neapolitanus
1404 2201 1441 2240 V
1436 2203 1644 2251 enafranus

845 2270 1106 2308 Nomentanus

370 2372 649 2423 septendecim
678 2383 759 2411 tam
789 2373 830 2410 in
859 2386 955 2411 anus
984 2374 1158 2412 formata
1185 2373 1438 2424 reperiuntur
1467 2385 1586 2423 quam
1615 2373 1658 2411 in
1687 2375 1800 2411 anius
1828 2373 1946 2412 haec:

845 2481 1067 2530 Aequanius
1155 2528 1163 2536 ἲ
1304 2492 1339 2517 10
1394 2480 1594 2518 Novanius

844 2549 1072 2599 Africanius
1396 2549 1566 2586 Oranius

843 2616 1034 2654 Albanius
1176 2607 1178 2609 μ
1395 2615 1647 2666 Supsifanius

847 2685 1053 2734 Carsania-s
1392 2684 1609 2722 Tuticanius

777 2764 791 2789 5
851 2751 1038 2790 Coranius
1403 2752 1655 2801 Venafranius

841 2820 1086 2857 Distulanius
1301 2831 1334 2856 15
1402 2820 1606 2869 Vipsanius

844 2889 1064 2926 Firmanius
1397 2887 1620 2941 Vipsqanius

841 2955 1042 2994 Lucanius
1396 2954 1631 3005 Urgulanius

841 3023 1063 3062 Norbanius

367 3128 510 3181 Neque
553 3141 647 3166 vero
687 3127 914 3165 necessario
951 3127 1042 3165 inde
1081 3127 1325 3165 concluseris
1363 3127 1463 3164 haec
1498 3127 1632 3164 omnia
1668 3126 1847 3165 derivata
1883 3137 1971 3165 esse
2005 3130 2075 3164 aut
2109 3138 2198 3177 as,

368 3196 593 3233 nominibus
629 3196 670 3233 in
701 3208 798 3233 anus
836 3201 904 3232 aut
938 3208 962 3232 a
997 3195 1299 3244 cognominibus
1337 3194 1451 3244 (nam
1485 3194 1661 3232 Albanus
1689 3194 1897 3232 Firmanus
1925 3193 2159 3231 Norbanus

368 3263 555 3301 Novanus
588 3263 828 3313 Venafranus
863 3262 981 3300 modo
1013 3262 1181 3300 vidimus
1212 3262 1330 3300 etiam
1361 3262 1596 3312 cognomina
1623 3260 1789 3310 fuisse);
1827 3260 1898 3298 sed
1925 3260 2054 3310 potuit
2081 3260 2132 3298 ab
2163 3267 2208 3318 ,1⁸

369 3330 505 3368 eadem
534 3330 665 3370 radice
697 3339 861 3380 utraque
892 3330 1095 3368 nominum
1123 3330 1265 3378 forma,
1295 3330 1335 3367 in
1367 3342 1462 3368 anus
1491 3335 1531 3368 et
1558 3329 1600 3367 in
1627 3331 1752 3376 anius,
1783 3327 1966 3367 derivari.
