2222 3594
13 134 55 150 *v*

0 251 35 281 ³2
51 258 66 267 ”“

0 288 70 356 il(
139 277 142 279 ’
667 296 812 330 usn
847 296 956 329 FER.
992 295 1161 330 LATm.
1704 279 1794 324 101

41 413 151 454 dolis
177 417 220 452 et
244 413 437 453 formulae
464 411 703 464 diligentia&
725 417 770 449 ut
801 411 844 449 id
872 411 990 448 etiam
1019 421 1121 447 saxo
1149 410 1387 449 incideretur
1415 413 1677 460 imperatorem
1709 407 1804 446 Cae-

0 489 12 528 ,ξ
36 486 169 526 ,sarm
195 484 239 520 in
264 487 385 521 monto
402 480 542 529 fuisse,
571 480 778 530 aequalem
798 491 934 518 eorum
954 483 1177 528 temporum
1197 479 1410 525 auctorem,
1438 478 1478 516 ni
1498 477 1630 525 fallor,
1659 476 1802 528 prodit.

0 539 156 601 {Sane
192 550 285 601 ipsa
316 548 547 600 fragmenti,
591 547 641 586 de
675 560 754 597 quo
789 547 965 597 agimus,
1000 547 1195 596 scriptura
1228 546 1405 584 rationes
1440 558 1551 584 meas
1586 545 1804 584 confirmat.

0 602 13 685 ξ
43 610 125 659 Est
150 617 256 657 enim
283 617 354 656 illa
382 616 629 668 superiorum
658 627 783 666 aeque
812 627 859 653 ac
886 614 1150 664 posteriorum
1180 614 1450 652 columnarum
1480 609 1702 660 dissidiis,
1734 614 1804 651 mi-

45 686 193 734 satior,
226 685 401 732 densior,
427 697 478 723 ne
506 683 733 723 uberiorum
761 696 894 722 rerum
923 681 1060 732 copiae
1087 682 1257 731 spatium
1286 682 1451 720 deesset.
1509 680 1693 720 Ceterum
1722 687 1807 719 tota

42 754 189 794 horum
218 753 530 804 fragmentorum
566 751 900 802 palaeographica
931 750 1034 788 ratio
1068 750 1223 800 aliquid
1256 750 1439 801 perplexi
1474 749 1611 797 habet,
1649 749 1698 787 de
1726 761 1805 799 quo

0 817 6 854 ἶ
41 817 203 861 nonnisi
231 820 449 872 propositis
475 819 616 858 formis
646 819 697 858 ad
726 820 942 870 archetypa
971 818 1174 868 expressis
1203 818 1346 856 disseri
1372 823 1515 868 potest.
1570 815 1651 856 Sed
1679 817 1804 856 tutius

43 894 108 943 est
133 889 238 928 hmo
265 888 538 939 quaestionem
565 887 724 926 differre
757 888 798 925 in
834 894 1011 938 tempus,
1051 886 1158 936 quod
1193 898 1311 937 spero
1348 886 1461 924 brevi
1495 885 1679 935 felicique
1715 898 1804 923 cum

0 950 3 990 ἷ
42 964 232 999 momen
257 962 486 1003 venturum,
519 967 606 994 cum
642 968 775 994 aream
804 955 891 993 Iovi
927 954 1059 992 latiari
1097 954 1192 992 olim
1232 965 1384 992 sacram
1418 953 1600 991 ordinata
1627 953 1804 992 fossione

3 1048 7 1049 ν
43 1024 357 1077 explorabimus.

32 1124 34 1126 -
150 1092 356 1144 Ad'quem
375 1103 503 1142 usqne
522 1103 670 1130 annum
699 1091 740 1129 hi
758 1090 850 1130 fasti
876 1091 957 1129 sint
975 1090 1206 1136 continuati,
1235 1089 1347 1128 nullo
1375 1101 1542 1140 possum
1572 1095 1804 1141 argumento

0 1151 6 1171 ²
43 1160 220 1201 definire.
255 1159 536 1205 ‚Suffectorum
562 1159 770 1198 consulum
799 1159 941 1197 aetatis
966 1159 1152 1205 incertae,
1181 1159 1249 1208 qui
1278 1157 1458 1208 inscripti
1487 1164 1579 1196 suut
1607 1154 1804 1210 fragmen-

42 1229 99 1269 tis
116 1241 144 1268 a
160 1228 334 1268 Marinio
353 1227 485 1275 editis,
514 1227 690 1266 nondum
710 1227 831 1266 ullam
851 1231 1042 1277 quantum
1071 1225 1153 1264 scio
1182 1225 1363 1264 notitiam
1393 1226 1500 1264 nacti
1530 1238 1667 1264 sumus
1687 1212 1806 1276 (vide

34 1295 91 1339 vG.
110 1297 145 1337 1.
163 1294 212 1335 L.
231 1294 286 1344 11,
307 1294 447 1346 2344).
491 1295 633 1334 Ferias
662 1295 807 1334 latinas
846 1300 1017 1333 exeunte
1045 1294 1205 1333 saeculo
1236 1294 1352 1332 tertio
1382 1294 1447 1332 vel
1475 1294 1636 1332 ineunte
1666 1301 1805 1344 quarto

0 1397 3 1400 .
43 1363 235 1405 celebrari
271 1363 378 1403 haud
410 1363 580 1403 desiisse
617 1369 787 1402 testatur
820 1364 929 1402 basis
964 1369 1119 1402 statuae
1155 1362 1214 1400 M.
1235 1361 1331 1400 Aur.
1364 1362 1505 1400 Victori
1538 1363 1578 1401 C.
1609 1362 1652 1400 V.
1678 1363 1803 1412 praef.

0 1463 2 1465 »
34 1434 178 1484 son'ar.
202 1431 309 1471 latin.
338 1433 526 1470 sacerdoti
553 1433 615 1470 dei
643 1431 747 1470 Solis
776 1431 1059 1481 reliyiosiasimo
1089 1444 1113 1469 a
1142 1431 1274 1468 Iovino
1300 1429 1518 1469 Callidiano
1549 1430 1805 1480 condiscipulo

0 1495 6 1535 q(
43 1499 249 1542 dedicatae
275 1498 423 1550 (Orelli
452 1499 599 1550 3154);
628 1500 741 1539 cuius
770 1499 909 1538 titulus
937 1505 977 1538 et
1005 1499 1099 1537 stilo
1133 1504 1172 1537 et
1201 1498 1421 1549 scripturae
1450 1510 1592 1550 genere
1622 1503 1825 1548 aetatem5¹

0 1613 2 1616 ,
45 1567 282 1621 quamdixi,
308 1580 398 1606 meo
429 1567 575 1607 iudicio
604 1580 699 1618 prae
728 1579 771 1606 se
799 1568 890 1605 fert.
933 1567 1087 1606 Harum
1115 1567 1301 1606 feriarum
1332 1567 1554 1605 institutum
1583 1567 1700 1604 tertio
1722 1580 1806 1605 ver-

44 1641 154 1676 tento
180 1635 338 1676 saeculo
366 1635 542 1686 viguisse
577 1636 671 1674 item
706 1636 810 1686 lapis
845 1635 960 1674 docet
997 1641 1104 1674 certa
1132 1635 1321 1686 temporis
1351 1641 1446 1672 nota
1474 1634 1661 1685 insignis,
1702 1646 1805 1672 anno

0 1689 16 1718 ξ
47 1702 127 1746 275
155 1704 220 1743 vel
246 1703 327 1743 276
355 1717 382 1742 a
409 1704 663 1743 sacerdotibus
696 1704 924 1743 Cabensihus
951 1706 1141 1754 feriarum
1171 1705 1376 1741 latinarum
1404 1705 1537 1740 montis
1567 1703 1700 1740 albam·
1726 1703 1806 1741 Ta-

14 1798 16 1800 ν
32 1772 127 1812 fito
158 1773 345 1824 Augusto
382 1771 587 1810 dedicatus
623 1772 749 1822 (Bun
780 1772 868 1810 dell'
898 1772 967 1810 Ist.
1002 1771 1106 1810 1870
1135 1771 1475 1821 p.136).1nter
1508 1770 1731 1820 fragmenta
1764 1771 1806 1809 in

7 1840 134 1895 sydus
161 1840 274 1880 aedis
301 1840 427 1879 ruinis
461 1846 619 1890 reperta
649 1839 861 1878 frustulum
891 1839 971 1878 vidi
999 1839 1142 1878 litteris
1172 1840 1342 1878 saeculis
1369 1839 1498 1889 quarti
1528 1839 1713 1877 exeuntis
1743 1839 1807 1877 vel

21 1895 175 1961 jlfssquinti
201 1912 421 1948 exaratum.
470 1906 690 1946 Christiani
718 1908 933 1958 scriptores
962 1907 1079 1946 ludos
1110 1908 1285 1946 urbanos
1315 1907 1423 1945 Iovis
1453 1906 1606 1944 latiaris
1635 1907 1804 1945 ethnicis

7 1963 185 2028 ’Ὶωρο
194 1976 505 2028 exprobrarunt:
535 1989 627 2014 nam
655 1977 747 2015 dum
775 1976 921 2015 latinae
951 1977 993 2014 in
1020 1982 1152 2014 monte
1182 1976 1327 2014 albano
1357 1975 1589 2026 agebantur,
1618 1974 1700 2013 ludi
1722 1975 1802 2013 Ro-

15 2056 26 2064 '⁴
122 2065 131 2077 ι
160 2044 328 2091 fiebant,
362 2049 402 2082 et
428 2044 519 2083 fuso
549 2057 574 2082 a
602 2044 889 2096 gladiatoribus
918 2044 1111 2095 sanguine
1140 2044 1248 2082 Iovis
1277 2043 1531 2082 simulacrum
1565 2055 1804 2094 consperge-

14 2104 164 2153 'ffb-tm·
197 2111 272 2163 (οἱ.
299 2107 552 2163 Marquardt‚
587 2112 803 2151 Handbuch
832 2112 906 2159 IV,
937 2111 1056 2162 442).
1122 2110 1255 2160 Quare
1291 2111 1550 2150 Prudentius·
1585 2109 1805 2149 Funditur

7 2175 241 2228 thummim
267 2179 401 2219 latiari
426 2180 469 2218 in
497 2193 655 2218 munere
685 2177 862 2231 sanguis'
893 2180 1052 2228 (contra
1075 2178 1224 2230 Symm.
1244 2180 1276 2227 I,
1306 2179 1423 2229 396):
1461 2192 1540 2229 quo
1569 2179 1657 2218 loco
1687 2186 1806 2229 poeta.

12 2246 386 2296 *nummorum
415 2249 540 2286 sacris
567 2248 743 2298 loquitur
770 2255 862 2286 ante
882 2248 1099 2286 Theodosii
1127 2249 1175 2286 de
1195 2248 1373 2298 Eugenio
1395 2253 1563 2298 tyranno
1585 2247 1802 2285 victoriam.

15 2311 334 2362 {Nicomachum
367 2328 486 2367 porro
514 2315 751 2354 Flavianum
781 2316 1036 2367 Eugenianae
1071 2316 1254 2354 factionis
1284 2316 1422 2354 ducem
1451 2328 1487 2353 a.
1510 2316 1589 2353 394
1626 2316 1804 2353 ethnicas

10 2383 310 2442 „monins
329 2382 480 2422 Romae
509 2384 752 2423 instaurasse
772 2385 1025 2422 notissimum
1046 2390 1126 2422 est·
1157 2396 1324 2434 eumque
1344 2385 1389 2421 de
1407 2384 1497 2421 Iove
1518 2384 1611 2421 latio
1631 2396 1806 2433 sperasse

24 2472 35 2494 5«
88 2456 91 2458 '
122 2477 123 2480 =
239 2450 368 2502 nuper
401 2451 550 2490 editum
577 2465 599 2490 e
628 2452 804 2502 parisino
834 2452 969 2490 codice
998 2465 1155 2490 carmen
1190 2457 1358 2490 testatur
1395 2451 1572 2500 (Hermes
1600 2450 1672 2498 IV,
1703 2451 1803 2497 3583

22 2506 149 2570 ἶς”Βιιι
149 2518 357 2558 ..eran-11
385 2522 486 2557 crist„
520 2518 624 2557 1868
654 2533 693 2570 p.
715 2520 786 2566 633
823 2520 963 2566 Riese,
999 2520 1153 2558 Αηιήοι.
1186 2520 1251 2557 lat.
1282 2520 1302 2556 1
1331 2533 1369 2569 p.
1395 2519 1476 2568 17).
1537 2517 1649 2566 Quae
1684 2519 1806 2556 verba

31 2588 140 2640 pm
165 2585 375 2626 Prudentii
402 2599 521 2626 versu
555 2587 701 2625 collata
736 2592 775 2625 et
810 2588 982 2626 maxime
1010 2587 1245 2625 Nicomachi
1280 2599 1377 2637 erga
1411 2592 1585 2624 veterum
1624 2586 1806 2624 instituta

122 2665 237 2693 saera
270 2655 414 2693 ardens
451 2655 683 2705 superstitio
723 2656 921 2705 probabili
955 2656 1100 2694 indicio
1136 2661 1229 2693 sunt
1265 2655 1377 2691 illum
1412 2654 1641 2692 consulares
1675 2654 1804 2691 fasces

37 2715 156 2760 no
198 2722 280 2761 394
319 2734 474 2761 summa.
516 2735 604 2761 cum
654 2728 849 2773 potestate
892 2724 1044 2762 Romae
1086 2728 1282 2761 tenentem
1325 2722 1483 2759 nonnisi
1530 2722 1701 2770 peractis
1745 2734 1805 2758 re-

39 2783 139 2850 ᾆξ’·
181 2807 210 2821 s·
246 2789 348 2840 legis
377 2791 622 2842 praescripto
650 2791 783 2829 latinis
813 2797 950 2829 contra
978 2790 1251 2829 Theodosium
1281 2802 1391 2827 arma
1425 2790 1611 2827 movisse.
1672 2787 1805 2836 Quare

42 2842 106 2896 Ῐῑ
100 2856 200 2896 ¹394
233 2858 552 2908 antiquissimum
589 2858 734 2897 festum
770 2859 872 2897 diem
906 2859 1167 2897 instauratum
1203 2858 1420 2906 eodemque
1456 2869 1558 2894 anno
1588 2856 1806 2893 Theodosii

35 2922 103 2975 ’,μυ
116 2923 349 2974 ¹¹·phatoris
375 2926 463 2976 lege
492 2926 532 2964 in
553 2934 784 2977 perpetuum
806 2927 996 2964 abolitum
1016 2926 1283 2976 templumque
1303 2926 1409 2963 Iovis
1429 2924 1582 2962 latiaris
1603 2923 1805 2961 occlusum

1325 3103 1358 3139 Ι.
1390 3102 1436 3139 Β.
1466 3112 1521 3139 DE
1550 3101 1695 3139 Ross1.
