2222 3594
342 197 405 243 46

352 1417 603 1457 SPANTANVS

356 1760 593 1799 STATIANVS

356 1828 572 1868 SvAsAst

357 2101 616 2141 *Svm‘rAst

358 2306 617 2346 Svpswmvs

369 3195 567 3233 TssnAst

1128 202 1326 242 HUBNER

779 335 921 361 nomen
950 323 1077 362 fuisse
1106 322 1326 361 derivatum
1355 323 1528 360 fortasse
1553 323 1602 360 ab
1623 321 1812 371 Apolline
1833 319 2015 359 Saurano
2037 319 2108 360 So-

778 404 924 429 ranove
960 392 1001 429 in
1031 397 1163 429 monte
1194 389 1358 430 Soracte
1387 391 1493 428 culto
1532 390 1592 439 (v.
1623 389 1794 427 Prelleri
1824 389 2110 439 mythologiam

779 460 1000 498 Romanam
1030 473 1069 510 p.
1091 458 1169 497 239
1201 465 1240 496 et
1269 458 1461 498 Corsseni
1487 458 1733 508 Ausspraehe
1760 458 1823 494 des
1843 456 2110 495 Lateim‘schen
2178 460 2182 489 :g

780 529 840 565 ed.
868 528 911 566 II
944 529 962 565 1
995 541 1033 579 p.
1061 527 1154 566 485.
1187 527 1210 564 2
1241 540 1279 577 p.
1309 527 1388 578 64)
1424 533 1491 565 aut
1527 527 1578 564 ab
1607 526 1790 576 Hirpinis
1821 524 1984 564 Soranis
2022 538 2109 563 cum

780 597 852 634 illo
888 596 1186 646 cognominibus
1225 602 1294 633 aut
1323 596 1490 645 denique
1521 608 1545 633 a
1575 594 1677 634 Sora
1695 594 1934 632 Volscorum
1963 593 2111 644 oppido

781 669 893 711 noto3
929 677 1029 714 quae
1059 665 1221 702 nomina
1250 664 1425 702 eiusdem
1456 663 1620 713 originis
1651 674 1742 701 esse
1770 666 1939 712 possunt
1968 661 2111 699 omnia.

782 732 952 770 Etiamsi
983 745 1075 770 vero
1107 746 1156 770 ex
1187 731 1359 771 Servilia
1387 737 1503 783 gente
1532 731 1607 769 fuit
1634 731 1777 778 Barea,
1813 729 1942 780 potuit
1971 728 2114 768 Sorani
2153 728 2173 750 ·’
2196 715 2199 730 ⁵

782 812 925 839 nomen
963 802 1046 839 eius
1083 801 1250 839 alterum
1288 800 1435 851 gentile
1471 812 1580 846 esse,
1616 811 1745 848 neque
1779 797 2006 836 necessario
2041 808 2113 847 pro

782 870 1014 920 cognomine
1050 869 1293 915 habendum3
1331 868 1540 906 videantur
1576 880 1677 918 quae
1711 867 1760 904 de
1795 865 2008 916 gentiliciis
2045 865 2113 904 du-

782 938 963 988 plicibus
983 938 1254 975 Mommsenus
1285 937 1470 987 exposuit
1499 936 1671 974 Hermae
1692 936 1715 973 3
1746 947 1785 984 p.
1809 934 1861 972 70
1873 946 1928 972 ss.

675 1006 850 1044 Soranus
870 1006 1071 1056 Ephesius
1092 1006 1270 1044 medicus
1291 1005 1432 1043 aetatis
1451 1004 1648 1043 Traianae
1668 1003 1810 1050 clarus,
1833 1002 1946 1040 cuius
1967 1000 2116 1051 scripta

785 1073 947 1112 Caelius
978 1074 1218 1111 Aurelianus
1249 1073 1395 1111 Latina
1423 1073 1530 1119 fecit,
1561 1077 1688 1110 utrum
1718 1070 1863 1121 gentile
1892 1083 1943 1107 an
1972 1081 2116 1120 cogno-

785 1156 873 1181 men
905 1141 1047 1182 Sorani
1082 1142 1265 1180 habuerit
1293 1143 1505 1188 incertum,
1541 1153 1629 1178 cum
1659 1139 1812 1189 reliqua
1840 1139 1926 1176 eius
1956 1137 2118 1175 nomina

785 1211 922 1261 ignota
952 1211 1042 1248 sint.
1102 1210 1214 1248 Idem
1245 1210 1354 1248 valet
1381 1209 1430 1248 de
1460 1208 1613 1248 Sorano
1642 1208 1798 1245 iuniore
1827 1206 1992 1245 Mallote
2019 1205 2121 1243 item.

726 1307 731 1319 ,
786 1279 949 1317 medico.

677 1346 780 1386 Sora
808 1347 1044 1385 Volscorum
1076 1347 1266 1396 oppidum
1296 1352 1433 1383 notum
1463 1350 1534 1383 est.

685 1416 725 1454 Ο.
758 1415 982 1465 Spanianus
1011 1415 1061 1453 L.
1088 1417 1125 1465 f.
1159 1413 1361 1464 Cam(ilia)
1389 1413 1567 1459 Pudens,
1601 1413 1717 1451 miles
1753 1411 1928 1450 cohortis
1956 1411 1978 1448 I
2005 1423 2117 1461 prae-

788 1484 914 1522 toriae
941 1484 1093 1522 Romae
1115 1482 1231 1522 Grut.
1256 1482 1349 1528 530,
1371 1482 1394 1519 5
1426 1494 1475 1519 ex
1496 1480 1632 1530 Pighii
1662 1480 1860 1531 exempIO,
1890 1479 1996 1529 quod
2024 1478 2119 1528 legi-

788 1559 853 1590 tur
878 1552 919 1589 in
950 1552 1103 1602 sylloge
1133 1551 1218 1589 eius
1247 1549 1500 1588 Berolinensi
1528 1549 1555 1587 f.
1581 1548 1671 1587 136.

680 1619 834 1672 Spanta
869 1621 982 1659 locus
1021 1621 1199 1670 ignotus;
1246 1617 1422 1668 Spaneta
1458 1618 1500 1655 in
1534 1616 1744 1655 Pannonia
1781 1621 1867 1654 erat
1904 1614 2121 1654 secundum

679 1690 925 1727 itinerarium
956 1688 1148 1726 Antonini
1178 1701 1217 1737 p.
1241 1686 1333 1733 265,
1356 1686 1378 1723 2
1411 1686 1524 1723 alios.

684 1757 732 1795 L.
766 1757 962 1795 Statianus
991 1756 1146 1794 Primus
1178 1755 1378 1794 Cremona
1405 1754 1665 1791 Kellermann
1693 1721 1921 1803 Vig.101a
1951 1750 2015 1801 (2,
2037 1751 2119 1801 45).

685 1826 740 1863 M
771 1826 974 1864 Suasanus
1004 1825 1128 1863 Decl.
1174 1853 1182 1862 .

680 1894 735 1932 M.
767 1893 968 1932 Suasanus
999 1893 1181 1931 Servatus
1217 1891 1390 1930 Arimini
1426 1891 1570 1928 Murat.
1601 1890 1694 1937 748,
1724 1889 1771 1936 2;
1801 1889 1947 1926 Tonini
1968 1888 2121 1940 'Rimini

790 1975 829 2012 p.
854 1963 946 2006 347,
970 1961 1036 1999 35.

681 2029 811 2070 Suasa
838 2030 1030 2068 Umbriae
1059 2035 1154 2067 nota
1182 2034 1254 2067 est.

682 2099 798 2136 Pater
822 2101 966 2136 nomine
986 2098 1194 2136 Subitanus
1225 2097 1389 2135 maritus
1412 2095 1620 2134 Corneliae
1643 2094 1769 2133 Ursae
1797 2093 2004 2131 cuiusdam
2026 2090 2122 2131 Cas-

792 2168 927 2205 tulone
958 2165 1002 2205 C.
1024 2167 1057 2204 Ι.
1079 2165 1125 2203 L.
1154 2166 1195 2203 II
1223 2165 1342 2203 3297.

683 2235 922 2286 Comparavi
954 2234 1051 2274 Subi
1081 2235 1226 2272 flumen
1256 2232 1571 2271 Tarraconensis
1601 2231 1776 2280 (Plinius
1798 2232 1821 2269 3
1852 2229 1981 2281 §212

688 2305 728 2342 T.
760 2304 996 2353 Supszfanus
1031 2304 1070 2341 T.
1102 2303 1127 2340 l.
1159 2302 1398 2340 Metrodorus
1426 2301 1579 2339 Romae
1606 2301 1639 2338 I.
1660 2299 1712 2338 N.
1736 2299 1855 2337 7106.

689 2373 729 2409 Τ.
761 2372 996 2422 Supsifanus
1027 2371 1067 2408 T.
1101 2371 1126 2409 l.
1158 2370 1355 2419 Nicephor

690 2441 730 2478 T.
762 2440 999 2490 Supsz'fanus
1034 2440 1073 2477 T.
1101 2440 1149 2478 Ο.
1182 2439 1206 2476 l.
1239 2439 1362 2488 Frugi

686 2509 903 2558 Supsisana
933 2509 974 2546 T.
1007 2508 1032 2545 l.
1062 2508 1158 2545 Nice
1186 2507 1338 2545 Romae
1371 2506 1413 2544 in
1450 2505 1630 2555 sepulcro
1660 2505 1748 2542 viae
1777 2503 1933 2553 Appiae
1961 2501 2126 2540 Henzen

796 2577 928 2615 annal.
959 2576 1126 2613 institut.
1158 2574 1354 2613 archaeol.
1379 2573 1443 2620 24,
1477 2573 1580 2611 1852
1612 2585 1650 2622 p.
1673 2571 1767 2619 312,
1791 2572 1854 2609 18.

688 2647 728 2683 Τ.
760 2645 993 2693 Subszfanus
1024 2643 1234 2682 Antiochus
1263 2643 1303 2680 in
1334 2641 1483 2680 tabella
1508 2638 1574 2678 ‘cx
1604 2652 1700 2691 agro
1729 2635 1926 2677 Romano'
1957 2637 2057 2676 Gori
2089 2637 2126 2684 3,

798 2713 891 2759 260,
913 2713 1006 2750 348.

687 2782 931 2833 Borghesius
974 2786 1077 2819 recte
1121 2780 1281 2826 statuit,
1326 2791 1412 2817 cum
1456 2777 1613 2815 titulum
1653 2777 1740 2814 viae
1777 2774 1934 2825 Appiae
1977 2774 2127 2823 primus

689 2852 843 2898 ederet,
883 2863 1026 2887 nomen
1065 2862 1089 2886 a
1123 2849 1210 2886 loco
1249 2847 1419 2897 quodam
1457 2846 1678 2883 derivatum
1717 2855 1827 2890 esse;
1864 2847 2027 2892 propter
2063 2853 2128 2879 so-

690 2933 783 2957 num
821 2919 906 2956 eius
945 2917 1218 2968 peregrinum,
1264 2920 1307 2952 ut
1349 2915 1521 2964 putavit,
1565 2914 1605 2950 in
1645 2912 1784 2950 Africa
1825 2911 1996 2948 fortasse
2039 2923 2128 2947 eum

690 2987 956 3039 quaerendum
994 2998 1082 3023 esse
1117 2984 1294 3022 credidit.
1352 2983 1533 3020 Italicam
1571 2986 1666 3031 puto
1700 2980 1826 3018 fuisse
1855 2977 2056 3029 Supsifam
2088 2983 2130 3016 ut

691 3057 842 3096 Allifas
877 3066 1057 3106 quaeque
1094 3059 1300 3102 praeterea
1336 3051 1506 3089 indicavi
1544 3050 1594 3087 ad
1629 3048 1831 3094 Rantifani
1866 3058 2010 3084 nomen
2037 3045 2139 3083 illu:

693 3125 910 3163 strandum.

701 3175 873 3231 Teiblmei
899 3192 939 3229 T.
969 3193 1005 3241 f.
1037 3190 1231 3228 Amiterni
1270 3188 1392 3238 (unde
1429 3189 1570 3226 domus
1603 3184 1801 3223 senatoria
1829 3182 1983 3221 videtur
2011 3179 2129 3230 origi·

804 3274 894 3299 nem
924 3258 1114 3308 traxisse)
1145 3259 1177 3296 Ι.
1198 3257 1249 3295 N.
1273 3257 1379 3296 5858
1409 3257 1451 3294 in
1479 3255 1595 3294 titulo
1624 3253 1722 3291 satis
1753 3252 1929 3300 antiquo,
1959 3255 2004 3287 ut
2025 3251 2060 3286 ei
2078 3259 2130 3285 ex

806 3328 1002 3367 Oscorum
1033 3339 1141 3365 more
1172 3325 1362 3375 scriptum
1393 3337 1465 3375 pro
1496 3336 1514 3361 e
1543 3324 1699 3372 aliaque
1729 3321 2012 3357 demonstrant.
