2222 3594
12 3225 18 3230 ,
0 3003 17 3215 “wa-'‘¹‘'
0 2956 14 2994 “’“.’“
0 2894 15 2948 ’ῗἿ”’“
0 2526 26 2885 ‘'Vstuffwwwvffm
0 2509 4 2517 “

665 254 875 295 ρνᾼΕεΤ.
901 253 1191 287 οΝοΜΑΤοι.
1216 256 1250 287 1.
1772 239 1835 284 27

70 364 204 423 'quam
233 372 431 411 civitatem
451 370 672 408 Romanam
700 369 834 420 adepti
861 375 974 406 erant
1001 369 1119 407 etiam
1146 369 1348 407 nominum
1368 369 1520 408 ratione
1538 368 1732 407 Romanis
1752 379 1843 406 sese

82 440 393 491 aequiperarent.
450 436 645 477 Similiter
673 437 927 475 iudicandum
955 437 1004 475 de
1032 437 1180 475 Tuscis
1208 437 1249 475 in
1279 448 1504 476 arna‘enna
1529 438 1597 474 ina
1623 438 1736 482 inna3
1767 435 1843 474 sei-

82 508 177 548 licet
194 507 316 547 Tusci
342 506 525 545 homines
554 506 694 556 patriis
723 505 960 552 nominibus,
990 505 1121 542 forma
1149 517 1286 543 eornm
1315 512 1384 543 aut
1412 504 1639 543 nullatenus
1660 509 1729 542 aut
1747 504 1842 542 levi·

82 581 145 615 ter
161 576 383 622 immutata,
411 586 485 624 pro
505 573 719 624 gentiliciis
738 572 932 611 Romanis
954 573 1009 610 uti
1030 580 1357 624 perseverarunt3
1387 574 1438 611 ab
1457 572 1694 623 oppidorum
1713 578 1844 610 autem

80 642 307 684 nominibus
332 642 403 680 illa
429 642 588 691 quidem
619 653 697 680 non
725 640 907 679 videntur
935 641 1127 691 originem
1156 640 1335 679 duxisse.
1393 640 1458 678 De
1487 640 1659 679 Gallicis
1686 639 1844 678 Africa·

81 711 147 750 nis
167 709 373 750 Lusitanis
402 722 541 761 parum
569 715 746 755 constat3
778 708 847 747 sed
877 714 1048 760 possunt
1077 708 1149 746 illa
1176 715 1345 758 utraque
1373 708 1527 746 ratione
1555 715 1626 746 aut
1652 708 1702 746 ab
1732 707 1844 758 oppi-

81 778 147 817 dis
174 783 244 816 aut
270 778 320 816 ab
348 777 575 816 hominibus
605 777 824 828 peregrinis
854 777 1047 827 originem
1077 776 1254 814 duxisse.
1315 775 1433 824 Quod
1463 790 1487 814 a
1515 775 1662 814 Tuscis
1683 774 1845 814 Umbris

81 844 245 886 Sabinis
277 851 455 896 tempore
484 852 640 884 vetusto
675 845 822 883 factum
858 856 947 882 esse
983 844 1188 894 probabile
1222 853 1302 890 est,
1338 844 1380 882 id
1415 850 1593 894 tempore
1628 844 1846 882 recentiore

80 914 293 967 repetitum
325 925 416 952 esse
449 913 677 964 frequenter
710 913 760 951 ab
789 913 1016 951 hominibus
1046 911 1267 963 peregrinis
1298 912 1465 950 militum
1493 912 1747 962 potissimum
1777 925 1845 950 no-

81 983 191 1022 mina
218 981 382 1028 decenn
411 981 559 1020 milites
588 981 692 1020 enim
721 980 897 1020 cuiusvis
925 980 1007 1019 fere
1036 980 1191 1031 generis
1210 981 1374 1019 nomina
1392 980 1565 1019 barbara
1582 980 1624 1018 in
1643 979 1848 1032 gentilicia

81 1051 265 1091 Romana
291 1056 520 1089 convertere
549 1050 743 1088 solebant.

193 1117 275 1158 Sed
308 1124 466 1170 praeter
498 1119 701 1156 nominum
736 1129 881 1168 genera
916 1117 1008 1163 illa,
1043 1128 1144 1167 quae
1178 1117 1308 1168 primo
1344 1117 1479 1155 statim
1514 1116 1705 1166 adspectu
1737 1128 1848 1167 pere·

82 1187 219 1239 grinae
254 1186 420 1238 originis
456 1198 547 1225 esse
582 1186 928 1236 deprehendimus,
965 1185 1069 1223 aliae
1105 1191 1242 1223 extant
1269 1185 1560 1236 gentiliciorum
1589 1184 1739 1223 classes
1768 1197 1848 1223 non

81 1255 126 1295 in
158 1258 220 1294 ius
256 1255 576 1300 terminatorum,
614 1265 715 1303 quae
750 1254 911 1304 proprie
947 1253 1128 1291 Romana
1163 1260 1231 1291 aut
1267 1261 1373 1292 certe
1401 1253 1544 1291 Italica
1577 1265 1667 1291 esse
1700 1259 1848 1291 certum

83 1331 165 1372 est;
204 1323 355 1362 scilieet
386 1323 428 1362 in
463 1329 560 1361 (inus
590 1329 676 1359 inus
705 1328 797 1359 &nus
832 1322 1054 1359 terminata.
1112 1323 1248 1372 Atque
1283 1321 1332 1359 de
1368 1322 1439 1368 iis,
1478 1333 1580 1371 quae
1614 1321 1656 1359 in
1692 1324 1777 1359 inus
1810 1327 1850 1359 et

83 1404 174 1432 enus
200 1391 373 1430 formata
401 1396 505 1437 sunt,
539 1402 664 1441 pauca
695 1389 862 1428 monebo
877 1389 936 1438 ¹),
972 1389 1134 1427 nomina
1163 1401 1255 1428 vero
1290 1389 1331 1427 in
1359 1401 1456 1427 anus
1491 1389 1715 1428 accuratius
1749 1395 1850 1428 trac-

84 1460 190 1499 tabo.

196 1527 361 1566 Praeter
395 1527 499 1565 alius
536 1527 691 1576 generis
728 1526 924 1564 adiectiva
958 1526 1140 1576 inprimis
1177 1538 1203 1563 a
1229 1526 1407 1564 locorum
1438 1526 1665 1565 nominibus
1692 1525 1734 1564 in
1761 1533 1849 1564 inus

86 1595 216 1635 solent
243 1595 439 1634 adiectiva
465 1594 641 1641 formari,
671 1600 712 1632 ut
733 1594 898 1632 Latinus
918 1593 1086 1632 Sabinus
1115 1593 1315 1644 multaque
1343 1593 1441 1640 alia3
1472 1594 1641 1644 ipsaque
1670 1594 1850 1632 locorum

87 1664 268 1710 nomina,
305 1668 350 1700 ut
377 1661 568 1701 Larinum
596 1662 790 1701 Sentinum
824 1662 924 1708 alia,
959 1661 1136 1700 eiusdem
1171 1668 1263 1700 sunt
1297 1661 1560 1700 formationis.
1618 1661 1736 1700 Talia
1770 1674 1851 1700 non

87 1732 298 1771 admodum
330 1743 423 1769 raro
455 1730 497 1769 in
530 1730 816 1781 gentiliciorum
856 1742 973 1768 usum
1002 1741 1195 1768 conversa
1221 1741 1312 1768 esse
1342 1729 1491 1779 (veluti
1518 1729 1771 1780 Pomptinus)
1799 1730 1850 1769 ab

90 1811 188 1847 uno,
218 1798 297 1837 nisi
323 1798 455 1846 fallor,
485 1797 538 1838 G.
570 1797 616 1836 F.
648 1796 974 1836 Grotefendio
1003 1798 1043 1836 in
1073 1805 1304 1836 transcursu
1334 1797 1550 1848 aliquando
1578 1797 1742 1846 dictum,
1770 1809 1851 1837 non

88 1866 190 1907 satis
217 1872 400 1905 accurate
428 1866 669 1916 explicatum
698 1873 762 1904 est
773 1865 827 1916 ²).

195 1934 415 1974 Difficilius
451 1934 707 1973 iudicandum
743 1934 792 1972 de
827 1934 1054 1973 nominibus
1090 1934 1132 1972 in
1167 1940 1280 1981 enus,
1315 1946 1417 1984 quae
1450 1933 1520 1973 diu
1554 1939 1616 1973 est
1643 1934 1750 1985 quod
1777 1947 1851 1987 pro

86 2003 389 2054 cognominibus
416 2002 552 2041 haberi
582 2002 712 2040 solent
739 2003 873 2041 omnia
901 2016 926 2041 a
955 2002 1052 2041 viris
1082 2002 1230 2048 doctis;
1261 2001 1383 2040 veluti
1412 2002 1575 2051 Alfenus
1593 2002 1852 2042 Horatianus.

86 2071 255 2122 Proprie
281 2070 469 2109 Latinum
498 2082 586 2109 esse
615 2077 660 2109 ἓη
689 2071 898 2117 suffixum,
937 2083 1163 2121 quanquam
1192 2082 1271 2108 non
1301 2070 1514 2109 admodum
1542 2071 1749 2121 frequens,
1781 2071 1852 2109 do·

87 2144 179 2178 cent
210 2144 344 2178 catena
379 2139 526 2178 habena
562 2139 706 2177 harena
740 2140 900 2178 verbena
928 2139 1118 2177 cantilena
1148 2139 1299 2177 laniena
1329 2145 1505 2177 cenenum
1534 2145 1670 2189 eyenus
1698 2145 1852 2178 serenus

88 2206 236 2246 alienus
270 2213 439 2245 terrenus
474 2213 513 2246 et
548 2207 708 2246 similia.
765 2206 895 2246 Simili
930 2207 1084 2246 ratione
1120 2219 1144 2244 a
1178 2206 1330 2252 radice,
1369 2219 1471 2257 quae
1506 2213 1568 2244 est
1602 2207 1683 2255 Alf
1713 2206 1778 2257 (ut
1810 2208 1852 2246 in

87 2274 261 2326 Alfius),
298 2274 481 2324 Alfenus,
517 2288 542 2313 a
578 2275 713 2314 Pontio
748 2274 975 2323 Ponticum,
1011 2287 1036 2313 a
1071 2274 1205 2314 Satrio
1236 2274 1439 2313 saer-fenus
1475 2282 1581 2313 recte
1610 2275 1851 2313 derivantur.

88 2343 128 2381 A
155 2343 336 2382 locorum
364 2343 594 2381 nominibus
624 2349 759 2393 aperte
787 2357 835 2382 ea
864 2355 941 2381 non
972 2350 1064 2382 sunt
1093 2343 1289 2390 derivata3
1317 2349 1451 2382 tamen
1479 2343 1578 2382 haec
1606 2355 1762 2395 quoque
1781 2355 1853 2382 no-

99 2619 110 2628 ·
192 2575 224 2617 ¹)
260 2577 352 2610 Illud
382 2582 513 2610 tantum
546 2588 670 2610 moneo
704 2579 882 2610 occasione
915 2578 1014 2618 data,
1051 2578 1197 2610 amicam
1228 2578 1426 2610 Mamurrae
1460 2579 1652 2611 decoctoris
1676 2579 1853 2611 Formiani

93 2638 321 2671 catillianum
347 2638 397 2678 (c.
416 2639 460 2670 41
488 2643 522 2670 et
544 2639 614 2678 44)
647 2640 719 2671 eins
749 2641 884 2681 generis
916 2650 1041 2672 nomen
1067 2639 1243 2679 habuisse,
1277 2650 1347 2671 non
1374 2650 1576 2682 cognomen.
1624 2640 1714 2673 Nam
1744 2640 1780 2672 in
1813 2641 1854 2672 iis

96 2709 187 2742 quae
211 2699 391 2732 traduntur
415 2700 537 2732 litteris
562 2699 594 2732 A
611 2711 659 2732 me
676 2712 698 2732 a
716 2711 761 2732 na
783 2706 876 2733 certo
901 2711 971 2733 non
989 2701 1166 2733 Ammiana
1189 2706 1247 2733 aut
1264 2700 1425 2733 Anniana
1441 2702 1548 2734 latent
1564 2702 1768 2744 cognomina
1783 2701 1855 2733 vul·

89 2761 189 2803 garis
220 2765 255 2792 et
278 2770 323 2792 ne
347 2762 431 2793 satis
455 2762 598 2804 antiqua
621 2762 779 2804 quidem3
806 2772 892 2804 qnae
917 2763 1116 2805 placuerunt
1138 2762 1318 2795 Frohnero
1343 2767 1377 2794 et
1404 2762 1601 2796 Schwabio.
1651 2763 1739 2796 Sunt
1762 2763 1853 2795 enim

90 2821 176 2854 talia
198 2821 404 2854 feminarum
430 2823 571 2855 nomina
594 2823 723 2855 liberae
749 2824 799 2856 rei
824 2824 980 2866 publicae
1006 2829 1160 2866 tempore
1185 2833 1292 2866 paene
1317 2824 1491 2863 inaudita;
1525 2823 1648 2856 deinde
1676 2824 1856 2865 dupliciter

89 2887 265 2924 peccatum
291 2888 379 2915 esset
403 2888 437 2915 et
462 2884 696 2926 geminatione
724 2886 870 2925 omissa,
898 2895 984 2927 quae
1010 2891 1090 2917 ante
1116 2885 1289 2918 Catullum
1314 2885 1425 2916 omitti
1450 2885 1590 2917 omnino
1617 2885 1731 2924 desiit,
1760 2889 1794 2916 et
1818 2885 1855 2917 in

91 2953 110 2976 e
132 2953 197 2986 pro
220 2944 236 2975 i
258 2945 383 2976 rustice
407 2946 530 2987 posita.
573 2945 643 2979 Sed
670 2947 762 2988 quod
782 2947 952 2988 Hauptius
978 2946 1113 2988 scripsit
1138 2946 1292 2978 Ameana
1317 2947 1475 2988 proxime
1500 2946 1632 2978 accedit
1656 2946 1700 2977 ad
1725 2946 1856 2979 litteras

91 3004 235 3037 traditas
266 3009 300 3036 et
330 3007 590 3038 commendatur
622 3008 817 3039 nominibus
848 3007 1098 3049 geographicis.
1149 3007 1281 3040 Plinius
1315 3008 1405 3039 enim
1430 3007 1610 3038 Amitinum
1635 3007 1726 3039 Latii
1757 3008 1856 3050 oppi-

92 3065 175 3098 dum
200 3064 245 3105 (3
271 3064 291 3105 ξ
309 3066 369 3105 68)
396 3071 430 3098 et
455 3067 587 3099 Tuscos
610 3067 831 3099 Amitinenses
856 3067 888 3108 (ξ
907 3068 965 3107 52)
991 3069 1165 3107 nominat3
1200 3068 1347 3100 Ametim‘
1371 3068 1504 3107 (Latini
1529 3067 1626 3109 puto)
1652 3067 1796 3100 redeunt
1817 3069 1856 3101 in

93 3126 211 3166 titulo,
245 3135 346 3168 quem
377 3137 419 3158 ex
444 3128 588 3159 Mariuii
614 3128 748 3160 schedis
776 3129 896 3160 habuit
920 3129 1182 3161 Kellermannus
1207 3130 1286 3170 Vig.
1313 3140 1346 3170 p.
1365 3130 1413 3160 44
1439 3127 1542 3167 (inde
1566 3129 1707 3162 flenzen
1733 3129 1856 3170 5136).

91 3187 250 3236 Indidem
281 3187 426 3219 fortasse
458 3188 650 3220 derivatum
685 3194 736 3220 est
760 3190 1023 3221 Volumniorum
1052 3200 1240 3231 cognomen
1266 3189 1472 3228 Ami'ntinmr,
1508 3190 1600 3231 quod
1624 3190 1660 3222 in
1683 3190 1781 3224 fastis
1804 3195 1856 3223 est

93 3246 140 3288 (a.
159 3248 263 3289 293);
288 3248 434 3280 fortasse
458 3259 529 3280 non
554 3254 644 3280 recte
670 3250 719 3281 ita
743 3251 907 3291 seriptum
931 3261 953 3282 a
978 3251 1087 3282 doctis
1112 3251 1318 3289 hominibus,
1346 3250 1404 3292 qui
1429 3250 1536 3282 fastos
1560 3250 1790 3284 confecerunt.

194 3306 228 3349 ²)
262 3309 305 3341 In
330 3310 587 3351 quaestionibus
612 3310 654 3342 de
679 3311 887 3352 geographia
913 3311 1113 3348 ethistoria
1138 3312 1262 3350 veteris
1287 3311 1410 3343 Italiae
1433 3310 1548 3343 fascic.
1563 3313 1595 3344 V
1621 3313 1715 3346 1842
1741 3323 1776 3355 p.
1792 3315 1853 3355 42,

54 3376 56 3378 '
94 3370 153 3412 qui
177 3370 290 3402 libelli
317 3371 423 3403 multa
448 3371 590 3403 confusa
615 3371 677 3403 scd
699 3371 804 3404 etiam
829 3382 899 3404 non
924 3382 1032 3415 pauca
1056 3378 1146 3404 recte
1172 3372 1214 3404 de
1240 3372 1294 3405 his
1314 3371 1414 3405 rebus
1438 3372 1618 3407 observata
1642 3375 1827 3409 continent.
