2222 3594
342 191 407 238 48

341 590 576 631 *Tm'rAst

343 2984 586 3024 Tvrchst

1130 202 1331 243 HUBNER

673 321 890 359 Trebulana
918 321 1096 361 Modesto:
1123 323 1271 362 ibidem
1301 325 1334 363 I.
1355 324 1409 363 N.
1435 324 1550 363 1724.

670 388 711 427 C.
728 388 1002 440 Treb(ulanus)
1027 392 1190 431 Cerialis
1210 394 1250 431 in
1272 393 1475 444 signaculo
1490 392 1758 443 Neapolitano
1779 393 1811 430 Ι.
1829 391 1881 430 N.
1900 392 2022 440 6310,
2037 403 2108 440 2213
2174 414 2177 415 ν
2197 400 2200 404 ’

778 458 834 496 ita
861 459 965 497 enim
994 460 1150 499 videtur
1179 461 1411 499 solvendum
1443 474 1542 500 esse.

669 525 868 564 Trebulae
898 527 1102 566 Mutuesca
1130 536 1170 567 et
1200 527 1349 568 Sufena
1379 528 1616 568 Sabinorum
1648 529 1796 580 oppida
1823 533 1918 567 nota
1946 535 2048 568 sunt.

675 593 862 633 Graecum
891 603 935 641 te,
966 597 1118 643 Albuci,
1149 610 1261 647 quam
1290 599 1500 636 Romanum
1530 605 1642 648 atque
1673 597 1868 644 Sabinum,

673 666 895 712 municipem
923 664 1048 712 Ponti,
1083 665 1243 712 Tritani,
1273 669 1538 713 centurionum,

664 731 953 780 praeclarorum
982 733 1168 771 hominum
1197 747 1243 772 ao
1267 737 1479 784 primorum
1507 736 1803 784 siqniserumque

667 800 837 838 maluisti
864 802 941 839 dici
981 800 1162 840 Lucilius
1193 803 1298 852 apud
1329 802 1560 841 Ciceronem
1590 803 1638 840 de
1667 803 1732 840 fin.
1759 803 1794 850 1,
1815 802 1854 849 3,
1876 802 1899 840 9
1932 802 2026 852 (inc.
2047 801 2109 840 IX

780 869 926 919 Muli).

674 935 843 987 Corpore
870 950 976 976 vesco
1009 939 1077 976 sed
1104 941 1248 977 eximiis
1278 939 1421 977 viribus
1455 940 1649 977 Tritanum
1676 942 1717 977 in
1743 940 1977 989 yladiotorio
2007 939 2108 984 ludo,
2138 930 2141 931 ⁷

670 1004 898 1044 Samnitium
940 1013 1137 1045 armatura
1181 1007 1377 1054 celebrem,
1414 1008 1611 1058 filiumque
1654 1010 1733 1046 eius
1775 1007 1928 1045 militem
1968 1006 2111 1056 Mayni

668 1073 841 1123 Pompei,
879 1103 999 1112 .....
1037 1081 1170 1113 auctor
1205 1082 1258 1113 est
1285 1075 1411 1113 Varro
1445 1078 1485 1114 in
1510 1077 1819 1125 prodigiosarum
1847 1077 1982 1113 virium
2009 1074 2110 1112 rela-

669 1143 779 1189 tione,
808 1149 921 1192 atque
950 1145 1063 1181 etiam
1086 1144 1224 1182 hostem
1245 1144 1292 1181 ab
1313 1157 1352 1182 eo
1375 1157 1417 1182 ex
1431 1147 1702 1194 provocatione
1721 1145 1958 1182 dimicantem
1976 1144 2112 1182 inermi

669 1211 821 1248 (lettera
858 1224 933 1248 uno
970 1212 1087 1261 diqito
1124 1219 1341 1262 superatum
1377 1218 1412 1250 et
1440 1219 1630 1262 postremo
1667 1218 1877 1262 correptum
1911 1214 1952 1249 in
1981 1217 2110 1249 castra

668 1279 850 1316 tralatum
870 1279 1024 1318 Plinius
1046 1279 1067 1317 7
1100 1279 1121 1330 ξ
1144 1280 1191 1318 81
1226 1279 1441 1318 secundum
1461 1280 1670 1318 lectionem
1689 1279 1934 1327 Detlefseni;
1965 1278 2013 1317 cf.
2035 1277 2110 1317 So-

666 1346 773 1385 linus
798 1348 832 1395 1,
855 1347 906 1385 75
938 1346 1025 1397 (ubi
1051 1348 1272 1386 Tritannum
1301 1361 1352 1386 ex
1372 1348 1482 1386 libris
1503 1348 1662 1399 scriptis
1682 1348 1956 1387 Mommsenus
1976 1347 2108 1393 dedit3
2129 1372 2132 1374 -

668 1415 775 1464 quod
811 1415 958 1453 ibidem
993 1416 1124 1454 editur
1158 1424 1299 1455 natura
1328 1416 1532 1455 Samnitem
1567 1416 1853 1456 emendandum
1889 1429 1942 1454 ex
1974 1415 2109 1454 Plinio

668 1483 710 1520 in
739 1491 938 1522 armatura
968 1484 1206 1534 Samnitem).
1527 1517 1529 1519 .

724 1551 849 1590 Recte
884 1553 924 1590 ni
961 1552 1079 1591 fallor
1109 1552 1284 1592 Orellius
1322 1560 1517 1592 onomast.
1550 1553 1658 1592 Tull.
1695 1566 1735 1604 p.
1764 1552 1843 1592 585
1882 1552 1931 1590 de
1969 1551 2108 1591 eodem

669 1620 828 1659 homine
857 1621 1061 1660 rettulisse
1091 1622 1228 1660 statuit
1256 1628 1336 1660 tam
1358 1622 1554 1660 Lucilium
1585 1635 1703 1672 quam
1721 1621 1952 1660 Varronem.
2002 1619 2108 1659 Nam

671 1688 779 1738 quod
807 1689 1034 1739 Madvigius
1072 1702 1196 1739 nuper
1231 1695 1371 1728 contra
1406 1690 1508 1728 dixit
1540 1691 1581 1728 in
1612 1690 1786 1731 editione
1815 1689 1960 1728 celebri
1988 1689 2108 1727 libro·
2172 1671 2200 1691 ‘⁴

667 1770 753 1795 rum
788 1757 836 1795 de
865 1757 1024 1805 finibus,
1062 1758 1171 1796 illam
1203 1763 1371 1796 aetatem
1401 1771 1478 1796 non
1509 1758 1656 1797 vidisse
1685 1758 1944 1810 gladiatorem
1975 1763 2109 1796 centu·

669 1826 838 1873 rionem,
876 1838 954 1863 non
990 1831 1096 1864 recte
1131 1833 1227 1877 puto
1263 1827 1420 1865 obiecit.
1479 1826 1616 1864 Potuit
1649 1827 1753 1864 enim
1784 1826 1853 1877 qui
1881 1831 1999 1864 antea
2025 1825 2110 1875 gla—

669 1893 797 1932 diator
825 1894 954 1932 fuerat
981 1901 1021 1932 et
1048 1894 1135 1945 ipse
1164 1900 1306 1944 postea
1335 1900 1582 1933 sacramento
1613 1894 1719 1933 dicto
1739 1895 1854 1933 miles
1873 1894 1974 1952 fieri,
2004 1893 2112 1932 simi-

669 1962 760 2003 liter
789 1969 834 2000 ut
861 1962 988 2000 filium
1008 1962 1094 2001 eius
1119 1962 1283 2000 militem
1303 1962 1487 2012 Pompeii
1509 1963 1635 2001 fuisse
1656 1963 1940 2014 comperimus;
1971 1961 2111 2000 deinde
2171 1975 2174 1977 ’

669 2042 762 2068 vero
791 2043 840 2068 ne
871 2031 1006 2068 dicunt
1024 2030 1183 2080 quidem
1203 2030 1351 2069 Lucilii
1372 2032 1504 2078 verba,
1534 2043 1637 2081 quae
1659 2031 1969 2077 centurionibus,
1997 2042 2111 2082 prae-

669 2098 788 2136 claris
817 2099 1058 2145 hominibus,
1088 2099 1339 2149 primoribus,
1371 2099 1572 2150 signiferis
1598 2099 1790 2137 Romanis
1811 2097 2010 2138 Graecum
2039 2110 2110 2149 op-

669 2172 832 2215 ponunt,
864 2167 1074 2206 Tritanum
1104 2167 1373 2205 centurionem
1402 2168 1536 2215 fuisse,
1566 2173 1609 2205 ut
1637 2167 1804 2206 Pontius
1833 2167 1903 2206 ille
1931 2166 2110 2205 centurio
2176 2193 2187 2200 ,-

670 2239 768 2282 erat,
797 2247 912 2285 quem
944 2237 1091 2274 diserte
1118 2236 1156 2273 T.
1185 2236 1361 2274 Pontium
1390 2238 1642 2274 centurionem
1670 2234 1810 2275 Cicero
1841 2235 1942 2274 dixit
1969 2247 2111 2273 eorun-

670 2303 757 2341 dem
789 2304 875 2341 sine
903 2304 1021 2342 dubio
1041 2303 1186 2342 Lucilii
1217 2317 1399 2343 versuum
1430 2317 1579 2342 memor
1597 2305 1640 2342 in
1660 2303 1812 2342 Catone
1835 2303 1898 2351 10,
1921 2303 1985 2342 33.
2034 2301 2110 2341 Ce-

670 2378 795 2409 terum
831 2372 990 2410 natione
1021 2371 1211 2411 Sabinum
1247 2373 1371 2411 fuisse
1401 2373 1612 2411 Tritanum
1643 2372 1774 2420 illum,
1813 2371 2000 2410 Pontium
2031 2370 2107 2409 Ro-

670 2453 851 2487 manum,
889 2441 1027 2478 eadem
1061 2440 1206 2479 Lucilii
1245 2442 1364 2479 verba
1404 2447 1539 2490 aperte
1575 2440 1762 2479 indicant.
1820 2439 1978 2478 Nomen
2015 2451 2109 2477 vero
2171 2471 2174 2475 ,

670 2508 830 2547 aliunde
866 2522 944 2547 non
980 2515 1137 2556 notum3
1175 2510 1327 2547 terendi
1357 2509 1472 2549 radix
1502 2509 1637 2559 aliqua
1664 2508 1816 2546 ratione
1843 2513 1977 2558 potest
2003 2519 2108 2546 com·

669 2570 801 2625 parari
820 2577 992 2627 itemque
1014 2583 1151 2615 trutum
1167 2576 1314 2615 Oscum
1335 2577 1569 2615 vocabulum
1589 2576 1691 2627 legis
1706 2576 1900 2614 Bantinae
1921 2575 1975 2626 (v.
1996 2575 2080 2625 15).

724 2644 845 2682 Trica
880 2650 992 2683 vetus
1026 2645 1212 2683 Dauniae
1248 2646 1361 2691 urbs,
1399 2658 1517 2695 quam
1552 2645 1629 2683 iam
1668 2644 1861 2682 delevisse
1889 2642 2108 2682 Diomedes

668 2713 898 2751 tradebatur
927 2714 1116 2762 cuiusque
1147 2726 1234 2751 cum
1255 2714 1413 2763 Apinae
1443 2725 1586 2751 nomen
1614 2712 1655 2750 in
1685 2711 1883 2761 proverbii
1911 2711 2106 2749 ludicrum

668 2793 828 2819 versum
848 2782 905 2819 ait
923 2781 1080 2819 Plinius
1103 2781 1125 2818 3
1147 2781 1267 2831 §104
1295 2780 1403 2829 (vide
1422 2780 1658 2819 Mommseni
1678 2780 1770 2818 dial.
1790 2780 1842 2818 It.
1863 2779 1930 2817 inf.
1961 2792 1999 2830 p.
2021 2779 2106 2829 91),

669 2849 832 2887 Tricani
875 2862 1017 2887 nomen
1059 2849 1176 2886 facile
1219 2849 1458 2898 explicaret3
1503 2848 1574 2887 sed
1610 2848 1739 2886 locum
1779 2848 1895 2886 etiam
1933 2847 2107 2897 aliquem

669 2922 805 2955 extare
835 2917 1010 2966 potuisse
1039 2916 1156 2954 Trita
1183 2916 1329 2955 dictum
1360 2917 1449 2966 quis
1479 2915 1708 2968 negaverit?

675 2985 879 3024 Tuticanus
911 2984 1045 3022 Ovidii
1081 2985 1259 3034 aequalis
1295 2990 1332 3023 et
1361 2986 1511 3023 amicus
1548 2984 1618 3033 (ex
1647 2984 1777 3022 Ponto
1806 2984 1845 3030 4,
1875 2982 1939 3031 12,
1966 2982 2105 3029 20ss23
2180 3024 2187 3040 ἶ,

782 3053 849 3100 14;
875 3052 938 3099 12,
960 3052 1010 3090 27
1022 3065 1053 3091 s.
1082 3053 1144 3099 16,
1165 3051 1250 3103 27),
1280 3054 1347 3102 qui
1373 3053 1637 3091 Phaeacidem
1668 3051 1840 3102 scripsit,
1869 3052 1926 3089 ita
1954 3050 2106 3100 simpli·
2167 3046 2182 3073 s

779 3122 875 3160 citer
904 3121 1050 3159 dicitur
1082 3121 1227 3172 ubique
1256 3121 1364 3159 nullo
1393 3134 1466 3159 nec
1494 3120 1747 3171 praenomine
1776 3131 1850 3158 nec
1876 3118 2105 3169 cognomine

779 3190 942 3228 adiecto.

673 3259 712 3297 C.
758 3259 963 3310 Tuticanus
1007 3259 1159 3308 Sophro
1203 3257 1357 3296 Romae
1399 3257 1441 3294 in
1483 3268 1622 3295 museo
1650 3255 1844 3294 Vaticano
1884 3254 1980 3304 yall.
2025 3253 2104 3303 lap.

778 3333 930 3378 parent.
950 3327 1006 3374 II,
1036 3327 1098 3365 bis
1126 3327 1167 3364 in
1197 3326 1335 3364 eodem
1363 3325 1510 3375 lapide.
1567 3323 1680 3362 Vidit
1709 3322 1935 3361 Heuzenus.
