2222 3594
16 2274 23 2281 (
13 2260 21 2267 ι
13 2202 23 2211 ⁰
0 1355 23 2196 WWWWWWWWWffl

0 1198 17 1352 *JW'JW'U
0 1164 20 1190 {T
9 1143 18 1155 ,ι
12 1080 14 1082 -
15 987 17 989 .
15 854 18 856 .

29 1133 39 1142 v
30 1035 33 1038 «
27 964 40 973 5

553 184 960 237 onsnnvA'noNEs
997 203 1364 238 EmenAPchE
1389 204 1511 237 xvn.
1811 191 1908 238 255

17 314 33 355 ζ
61 304 68 323 ”
136 312 339 374 θυγατῆρ,
367 319 409 357 in
436 318 656 368 posteriore
683 316 706 365 ἦ
734 312 931 361 βασιλέων
952 310 1016 363 μὲν
1034 313 1233 374 θυγατῆρ,
1260 312 1457 361 ,Βασιλέων
1487 311 1528 356 δὲ
1556 313 1674 374 μήτηρ
1694 313 1908 375 Τρύφαινα.

131 387 337 427 Antoniae
371 397 513 425 nomen
546 386 758 436 repetitum
794 399 886 426 esse
923 391 1033 437 patet
1076 387 1126 425 ab
1161 387 1253 425 avia
1281 386 1364 426 filia
1397 392 1493 426 natu
1534 388 1710 426 maxima
1739 389 1907 428 Antonii

130 454 276 494 IIIviri
316 455 359 493 in
401 454 516 493 titulo
551 452 773 505 Smyrnaeo
814 455 1014 506 appellata
1056 449 1254 510 εὐεργέτις,
1291 468 1392 506 quae
1436 456 1729 506 quodammodo
1768 458 1906 508 stirpis

133 535 231 563 suae
259 522 510 573 splendorem
539 522 717 561 fundavit
732 523 784 573 ¹).
843 523 963 562 Prius
993 523 1193 562 decretum
1222 523 1373 562 factum
1402 530 1463 563 est
1490 516 1711 575 imperante
1732 525 1898 564 Tiberio

130 595 222 643 post
266 589 407 642 Cotyis
444 591 594 630 obitum
640 592 802 642 opinor,
842 592 952 630 cuius
985 592 1096 630 nulla
1141 592 1195 630 ibi
1225 592 1372 630 mentio
1400 592 1457 630 fit.
1514 592 1622 631 Nam
1650 594 1797 644 virgini
1825 607 1899 633 nec

132 658 398 699 sacerdotium
422 658 563 698 Liviae
592 659 692 698 satis
722 660 919 706 convenit,
949 661 1056 711 quod
1085 660 1121 699 ei
1151 660 1291 699 titulus
1322 660 1472 707 tribuit,
1501 673 1574 699 nec
1601 662 1810 711 probabile
1839 669 1901 702 est

129 725 412 779 Tryphaenam
446 735 540 778 post
566 727 719 766 obitum
747 728 904 766 demum
935 729 1108 779 Augusti
1140 727 1262 779 Cotyi
1296 729 1500 778 nupsisse,
1538 742 1612 768 nec
1641 731 1896 770 necessitudo

131 794 394 847 Tryphaenae
433 795 516 834 ulla
544 808 634 834 cum
664 794 874 845 Cyzicenis
909 796 985 834 fuit
1018 797 1095 834 nisi
1133 803 1296 847 propter
1323 798 1522 836 maritum.
1582 796 1771 848 Cyziceni
1810 812 1896 838 cum

128 875 215 902 eam
245 869 448 902 creassent
475 863 721 902 sacerdotem
749 864 874 902 Iuliae
903 865 1130 915 Augustae,
1166 865 1352 916 quoniam
1388 872 1587 904 aeternam
1618 867 1778 905 domum
1812 880 1895 905 ma-

125 931 224 970 ximi
267 931 430 970 deorum
465 931 529 970 Ti.
562 933 735 982 Augusti
771 931 977 983 Drusique
1010 933 1145 971 fratris
1185 933 1268 971 eius
1309 945 1465 972 summa
1508 934 1701 985 religione
1737 935 1899 983 coleret,

126 999 266 1038 matris
300 999 459 1044 horum,
496 1000 647 1038 scilicet
674 999 803 1038 Iuliae
832 1001 1039 1052 Augustae
1069 1002 1284 1052 imaginem
1314 1001 1558 1052 Tryphaena
1591 1003 1750 1053 publice
1787 1003 1897 1042 dedi-

130 1067 238 1106 cavit
251 1065 305 1117 ²).
365 1067 538 1106 Drusum
573 1068 737 1106 fratrem
768 1068 920 1107 Tiberii
959 1076 1171 1120 eapropter
1205 1070 1399 1108 adiectum
1435 1083 1525 1109 esse
1560 1078 1746 1121 apparet,
1787 1072 1895 1123 quod

127 1134 391 1186 Tryphaenae
421 1136 535 1174 aviae
566 1149 682 1175 soror
702 1136 838 1175 Druso
868 1146 1059 1188 nupserat
1087 1139 1221 1187 itaque
1247 1138 1408 1176 Drusus
1439 1146 1478 1176 et
1497 1139 1740 1190 Tryphaena
1769 1140 1895 1178 affini-

126 1208 206 1242 tate
236 1203 510 1255 iungebantur.
571 1203 795 1244 Secundum
825 1206 1024 1245 decretum
1054 1206 1199 1245 sactum
1230 1213 1292 1244 est
1325 1207 1543 1258 imperante
1574 1206 1677 1246 Gaio
1706 1209 1794 1258 ipso
1823 1209 1895 1247 illo

127 1271 271 1322 opinor
298 1284 377 1322 quo
407 1284 572 1323 regnare
602 1274 733 1323 coepit
762 1286 864 1312 anno
881 1273 934 1324 ³),
965 1287 1044 1325 quo
1068 1280 1250 1325 tempore
1281 1274 1526 1325 Tryphaena
1555 1288 1643 1314 cum
1673 1276 1768 1315 filiis
1798 1276 1895 1316 duo·

126 1339 202 1378 bus
232 1345 327 1378 natu
347 1340 562 1379 maioribus
583 1339 773 1391 Cyzicum
804 1342 966 1381 advenit
995 1343 1044 1381 ad
1074 1344 1189 1381 ludos
1213 1344 1268 1382 ibi
1290 1343 1462 1383 edendos
1484 1344 1580 1382 deae
1601 1357 1728 1383 novae
1746 1344 1894 1384 Veneri

125 1406 347 1447 Drusillae.
368 1430 422 1436 —
442 1408 707 1447 Necessitudo
737 1422 839 1460 quae
868 1411 971 1449 inter
990 1412 1206 1450 Antoniam
1238 1412 1403 1462 eiusque
1431 1412 1579 1451 liberos
1610 1418 1649 1451 et
1669 1411 1892 1464 Cyzicenos

122 1475 333 1514 intercedit
370 1488 527 1515 summa
561 1483 600 1516 et
637 1477 693 1516 ita
729 1486 975 1529 comparata,
1019 1486 1061 1518 ut
1097 1478 1268 1530 Cyzicus
1305 1481 1355 1518 iis
1393 1487 1594 1531 tamquam
1631 1482 1727 1520 urbs
1764 1482 1894 1532 patria

125 1543 307 1594 esset4)‚
347 1544 430 1582 sine
460 1545 580 1583 dubio
615 1545 705 1583 inde
741 1547 955 1597 repetenda
990 1554 1070 1595 est,
1108 1548 1216 1598 quod
1253 1561 1465 1598 puerorum
1501 1549 1662 1588 illorum
1691 1550 1891 1600 regiorum

122 1623 296 1662 proavus
331 1609 480 1651 Sadala
507 1614 722 1664 aliquando
751 1615 883 1653 infans
913 1628 937 1653 a
957 1614 1166 1666 Cyzicenis
1196 1626 1378 1667 receptus
1409 1617 1517 1668 apud
1550 1630 1621 1656 eos
1651 1618 1890 1657 adoleverat.

122 1678 242 1730 Ipsos
285 1679 390 1718 enim
425 1693 504 1720 non
542 1688 622 1720 tam
662 1681 799 1733 Cyzici
836 1696 956 1734 quam
984 1684 1136 1722 Romae
1174 1684 1364 1724 educatos
1401 1698 1492 1724 esse
1527 1698 1622 1724 mox
1656 1686 1890 1726 videbimus.

122 1767 177 1776 -
205 1746 269 1787 De
296 1749 470 1788 nummis
499 1749 764 1802 Tryphaenae
792 1752 911 1791 huius
939 1752 1046 1791 infra
1074 1753 1225 1791 dicetur
1252 1753 1294 1791 in
1322 1753 1552 1792 Polemone.

229 1857 275 1906 7.
328 1857 656 1926 Rhescuporis
685 1881 852 1927 patruus
883 1877 1175 1928 praecedentis,
1213 1877 1386 1918 Sadalae
1414 1878 1537 1930 igitur
1564 1884 1604 1916 et
1633 1878 1888 1918 Polemocra-

118 1939 198 1978 tiae
217 1939 325 1980 filius
354 1948 452 1980 natu
481 1943 680 1992 minimus,
711 1957 799 1983 cum
819 1950 1010 1996 regnante
1031 1946 1154 1984 fratre
1176 1947 1217 1985 in
1236 1947 1468 1985 Pannonico
1489 1946 1592 1985 bello
1621 1947 1780 1986 laudem
1809 1948 1887 1986 sibi

117 2007 326 2046 meruisset
339 2009 399 2060 ⁵),
435 2016 528 2060 post
556 2012 692 2051 fratris
722 2019 887 2051 mortem
924 2019 1037 2063 parte
1072 2015 1181 2064 regni
1210 2015 1420 2066 impetrata
1454 2020 1578 2053 totum
1616 2011 1692 2054 sibi
1729 2017 1887 2066 paravit

117 2075 346 2125 captivitate
374 2079 564 2129 primum,
605 2080 746 2119 deinde
776 2082 895 2119 caede
925 2082 1059 2120 fratris
1087 2083 1177 2129 filii,
1208 2083 1279 2121 sed
1308 2095 1386 2121 non
1417 2083 1483 2121 diu
1513 2084 1639 2122 tenuit
1667 2096 1691 2121 a
1720 2083 1883 2122 Tiberio

113 2155 239 2196 regno
266 2145 451 2194 primum,
481 2159 576 2186 mox
606 2149 690 2186 vita
718 2149 897 2198 privatus
928 2150 986 2200 (p.
1010 2149 1090 2189 254
1119 2151 1209 2189 adn.
1233 2151 1289 2201 5).

221 2407 251 2448 1)
287 2408 376 2440 Vide
402 2408 502 2441 huius
527 2410 604 2452 eph.
631 2411 699 2443 vol.
720 2412 738 2443 1
766 2422 800 2454 p.
821 2413 890 2444 270
916 2422 986 2454 seq.

212 2467 245 2509 Β)
277 2469 463 2502 Decretum
499 2471 547 2502 sic
587 2472 724 2514 incipit:
759 2470 826 2504 ἐπεὶ
857 2467 1017 2505 Ἀντωνία
1040 2466 1212 2517 Τρῦφαινα
1240 2496 1274 2505 ..
1292 2496 1323 2504 ..
1351 2466 1407 2506 'niv
1439 2467 1554 2507 οἱῶνιον
1593 2473 1652 2507 ‘rofi
1685 2471 1879 2521 μεγίστο[υ]

28 2519 46 2541 ”’
112 2528 199 2562 θεῶν
223 2527 388 2574 Τιβερίου
413 2528 593 2570 Σεβαστοῦ
621 2529 795 2577 Καίσαρος
828 2528 914 2566 οἷκον
950 2533 1017 2575 [καὶ
1047 2528 1103 2566 τᾶν
1135 2533 1192 2567 τοῦ
1225 2533 1376 2579 ἀδελφοῦ
1406 2531 1506 2568 αὐτοῦ
1530 2533 1680 2581 Νέρωνος
1705 2529 1878 2581 Δρούσου]

112 2582 169 2623 διαὶ
200 2585 322 2628 narnis·
355 2586 541 2633 εὖσεβοῧσα
574 2591 859 2639 συγκαὲιέρωσ[ε]
891 2594 934 2642 τῇ
958 2588 1111 2627 Πολιάδι
1134 2592 1267 2639 Ἀθηνᾷ
1292 2590 1429 2639 ἄγαλμα
1452 2595 1506 2634 τῖς
1542 2589 1662 2642 μητρὲς
1688 2593 1789 2630 αὐτῶν
1815 2621 1825 2630 .
1842 2620 1850 2629 .
1868 2621 1878 2630 .

114 2673 355 2684 ..........
392 2649 672 2698 [παραλαβ]οῧσα
710 2647 799 2699 nupti
837 2654 893 2697 τῆς
930 2649 1057 2694 πᾶλεως
1096 2653 1258 2701 ἱερητεῖαν
1296 2655 1441 2702 αὐτῆ[ς].
1500 2659 1587 2691 Mox
1627 2660 1750 2691 dicitur
1786 2651 1879 2703 ἱερῆα

114 2710 294 2754 Σεβαστῆς
318 2706 535 2759 Νεικηῲόρου.
586 2716 692 2748 Drusi
717 2727 842 2749 nomen
876 2723 912 2749 ut
937 2719 1148 2760 suppleatur,
1184 2719 1339 2762 flagitant
1364 2730 1450 2762 quae
1477 2725 1662 2763 sequuntur
1687 2721 1791 2752 verba
1822 2719 1880 2762 τῆς

115 2764 238 2817 μητρδς
262 2769 374 2806 αὐτῶν.

214 2833 246 2875 ³)
280 2836 333 2867 Eo
361 2835 454 2867 ducit
479 2841 512 2868 et
538 2837 629 2878 quod
653 2838 725 2879 ipse
751 2839 937 2881 imperator
962 2840 1139 2882 hipparchi
1165 2842 1279 2874 locum
1299 2842 1414 2884 Cyzici
1442 2842 1588 2874 obtinuit
1614 2847 1684 2874 tum
1712 2853 1790 2875 eum
1816 2842 1874 2874 de-

113 2899 240 2927 cretum
273 2895 400 2927 factum
434 2901 484 2928 est
516 2902 549 2928 et
582 2898 758 2931 universus
799 2905 897 2932 tenor
927 2901 1009 2933 eius.
1067 2901 1220 2934 Drusilla
1253 2904 1345 2945 quod
1382 2904 1523 2936 Graecis
1561 2904 1684 2935 dicitur
1716 2896 1785 2935 ,9εοῖ
1819 2901 1874 2935 νέα

111 2949 310 2998 Ἀῴροδεῖτη
338 2960 466 2988 tantum
492 2958 603 2998 abest,
637 2963 674 2991 ut
699 2961 904 2993 eontrarium
929 2962 1068 3003 probet,
1103 2968 1140 2994 ut
1165 2963 1260 2995 vivae
1285 2965 1322 2996 id
1348 2965 1454 3006 magis
1482 2965 1662 2996 conveniat
1688 2974 1789 3006 quam
1816 2965 1875 2996 de-

115 3015 263 3048 functae.
307 3016 401 3048 Obiit
426 3022 538 3049 autem
564 3029 654 3052 anno
680 3020 758 3053 Gaii
784 3022 932 3054 secundo
958 3033 992 3064 p.
1012 3023 1051 3055 C.
1072 3023 1129 3055 38.

213 3073 247 3116 ⁴)
278 3077 407 3117 Mater,
442 3083 479 3110 ut
504 3079 551 3110 ait
576 3080 748 3112 decretum
773 3083 933 3122 alterum,
967 3075 1084 3123 ταύτην
1111 3083 1299 3126 (Cyzicum)
1326 3079 1464 3130 ἥγημὲνη
1490 3082 1633 3130 πατρίδα
1661 3082 1750 3118 οἴκου
1773 3097 1809 3118 τε
1835 3082 1873 3118 τδ

112 3134 265 3180 ἐφέστιον
296 3132 352 3169 καὶ
391 3134 468 3177 βίου
499 3131 538 3169 ‘ro'
571 3131 764 3186 εὐτῦχ[ημα
788 3135 1022 3187 &reliqu-vireu,-
1051 3138 1333 3188 εὖδαιμονῆσουσα
1363 3144 1477 3178 τέκνων
1503 3145 1697 3188 βασιλείαις
1729 3146 1874 3181 {nassa

113 3192 259 3242 ἵδρυται.
309 3199 391 3231 Filii
416 3209 456 3231 eo
482 3200 667 3233 adveniunt
693 3200 762 3247 οὐχ
788 3197 827 3239 ὥς
853 3202 899 3239 εἰς
924 3200 1025 3246 φίλην
1051 3196 1158 3247 μα’νον,
1187 3199 1284 3238 omo?
1314 3205 1368 3239 καὶ
1402 3201 1441 3244 ὥς
1469 3206 1515 3244 εἰς
1545 3206 1682 3252 γνησίαν
1712 3205 1869 3255 πατρίδα.

115 3258 243 3292 Omnes
268 3266 430 3301 rogantur
456 3256 544 3292 ἰδίαν
570 3255 733 3306 ἡγεῖσθαι
757 3260 900 3308 πατρίδα
925 3255 981 3305 τὴν
1006 3257 1116 3298 πᾶλιν.

211 3318 243 3360 5>
278 3320 348 3352 Dio
375 3321 432 3361 55,
462 3321 519 3355 30.
