<?xml version="1.0" encoding="UTF-8"?>
<!DOCTYPE html PUBLIC "-//W3C//DTD XHTML 1.0 Transitional//EN"
    "http://www.w3.org/TR/xhtml1/DTD/xhtml1-transitional.dtd">
<html xmlns="http://www.w3.org/1999/xhtml" xml:lang="en" lang="en">
 <head>
  <title>
</title>
<meta http-equiv="Content-Type" content="text/html;charset=utf-8" />
  <meta name='ocr-system' content='tesseract 3.04.00' />
  <meta name='ocr-capabilities' content='ocr_page ocr_carea ocr_par ocr_line ocrx_word'/>
</head>
<body>
  <div class='ocr_page' id='page_1' title='image "./ephemerisepigrap02deutuoft_0254.png"; bbox 0 0 2222 3594; ppageno 0'>
   <div class='ocr_carea' id='block_1_1' title="bbox 1982 0 2222 48">
    <p class='ocr_par' dir='ltr' id='par_1_1' title="bbox 1982 0 2222 48">
     <span class='ocr_line' id='line_1_1' title="bbox 1982 0 2222 48; baseline 0 3546"><span class='ocrx_word' id='word_1_1' title='bbox 1982 0 2222 48; x_wconf 95' lang='lat' dir='ltr'> </span> 
     </span>
    </p>
   </div>
   <div class='ocr_carea' id='block_1_2' title="bbox 309 233 2071 280">
    <p class='ocr_par' dir='ltr' id='par_1_2' title="bbox 309 233 2071 280">
     <span class='ocr_line' id='line_1_2' title="bbox 309 233 2071 280; baseline -0.002 0"><span class='ocrx_word' id='word_1_2' title='bbox 309 233 405 280; x_wconf 86' lang='lat'>246</span> <span class='ocrx_word' id='word_1_3' title='bbox 1001 244 1373 278; x_wconf 79' lang='lat' dir='ltr'>ADDITAMENTA</span> <span class='ocrx_word' id='word_1_4' title='bbox 2005 242 2071 277; x_wconf 82' lang='lat'>322</span> 
     </span>
    </p>
   </div>
   <div class='ocr_carea' id='block_1_3' title="bbox 306 357 2078 548">
    <p class='ocr_par' dir='ltr' id='par_1_3' title="bbox 306 357 2078 548">
     <span class='ocr_line' id='line_1_3' title="bbox 307 357 2077 412; baseline -0.002 -13"><span class='ocrx_word' id='word_1_5' title='bbox 307 362 481 412; x_wconf 89' lang='lat' dir='ltr'>quodam</span> <span class='ocrx_word' id='word_1_6' title='bbox 518 361 669 399; x_wconf 88' lang='lat' dir='ltr'>incerto</span> <span class='ocrx_word' id='word_1_7' title='bbox 705 361 882 399; x_wconf 89' lang='lat' dir='ltr'>virorum</span> <span class='ocrx_word' id='word_1_8' title='bbox 910 360 1121 399; x_wconf 87' lang='lat' dir='ltr'>libertinae</span> <span class='ocrx_word' id='word_1_9' title='bbox 1150 361 1383 411; x_wconf 89' lang='lat' dir='ltr'>plerumque</span> <span class='ocrx_word' id='word_1_10' title='bbox 1419 359 1483 397; x_wconf 86' lang='lat' dir='ltr'>vel</span> <span class='ocrx_word' id='word_1_11' title='bbox 1513 359 1611 397; x_wconf 88' lang='lat' dir='ltr'>adeo</span> <span class='ocrx_word' id='word_1_12' title='bbox 1643 357 1800 397; x_wconf 83' lang='lat' dir='ltr'>servilis</span> <span class='ocrx_word' id='word_1_13' title='bbox 1830 357 2077 396; x_wconf 88' lang='lat' dir='ltr'>condicionis</span> 
     </span>
     <span class='ocr_line' id='line_1_4' title="bbox 306 425 2078 479; baseline -0.003 -12"><span class='ocrx_word' id='word_1_14' title='bbox 306 435 346 467; x_wconf 86' lang='lat' dir='ltr'>et</span> <span class='ocrx_word' id='word_1_15' title='bbox 374 430 597 476; x_wconf 85' lang='lat' dir='ltr'><strong>mulierum,</strong></span> <span class='ocrx_word' id='word_1_16' title='bbox 636 429 743 479; x_wconf 88' lang='lat' dir='ltr'>quod</span> <span class='ocrx_word' id='word_1_17' title='bbox 781 429 953 468; x_wconf 86' lang='lat' dir='ltr'>fortasse</span> <span class='ocrx_word' id='word_1_18' title='bbox 988 429 1067 467; x_wconf 90' lang='lat' dir='ltr'>iam</span> <span class='ocrx_word' id='word_1_19' title='bbox 1106 429 1239 479; x_wconf 89' lang='lat' dir='ltr'>aliquo</span> <span class='ocrx_word' id='word_1_20' title='bbox 1275 434 1453 479; x_wconf 86' lang='lat' dir='ltr'>tempore</span> <span class='ocrx_word' id='word_1_21' title='bbox 1496 432 1614 465; x_wconf 88' lang='lat' dir='ltr'>antea</span> <span class='ocrx_word' id='word_1_22' title='bbox 1653 432 1843 477; x_wconf 87' lang='lat' dir='ltr'>patronos</span> <span class='ocrx_word' id='word_1_23' title='bbox 1878 425 1971 464; x_wconf 84' lang='lat' dir='ltr'>illos</span> <span class='ocrx_word' id='word_1_24' title='bbox 2001 425 2078 463; x_wconf 83' lang='lat' dir='ltr'>sibi</span> 
     </span>
     <span class='ocr_line' id='line_1_5' title="bbox 306 505 575 548; baseline -0.004 -12"><span class='ocrx_word' id='word_1_25' title='bbox 306 505 575 548; x_wconf 86' lang='lat' dir='ltr'>cooptaverat.</span> 
     </span>
    </p>
   </div>
   <div class='ocr_carea' id='block_1_4' title="bbox 419 562 2153 613">
    <p class='ocr_par' dir='ltr' id='par_1_4' title="bbox 419 562 2153 613">
     <span class='ocr_line' id='line_1_6' title="bbox 419 562 2153 613; baseline -0.003 -9"><span class='ocrx_word' id='word_1_26' title='bbox 419 565 568 613; x_wconf 89' lang='lat' dir='ltr'>Locus,</span> <span class='ocrx_word' id='word_1_27' title='bbox 599 566 667 604; x_wconf 90' lang='lat' dir='ltr'>ubi</span> <span class='ocrx_word' id='word_1_28' title='bbox 696 566 859 604; x_wconf 88' lang='lat' dir='ltr'>inventa</span> <span class='ocrx_word' id='word_1_29' title='bbox 886 572 947 604; x_wconf 89' lang='lat' dir='ltr'>est</span> <span class='ocrx_word' id='word_1_30' title='bbox 976 566 1137 612; x_wconf 86' lang='lat' dir='ltr'>tabella,</span> <span class='ocrx_word' id='word_1_31' title='bbox 1170 565 1359 604; x_wconf 74' lang='lat' dir='ltr'>sasamon</span> <span class='ocrx_word' id='word_1_32' title='bbox 1378 565 1612 603; x_wconf 88' lang='lat' dir='ltr'>hodiernum</span> <span class='ocrx_word' id='word_1_33' title='bbox 1636 562 1839 613; x_wconf 85' lang='lat' dir='ltr'>Segisamo</span> <span class='ocrx_word' id='word_1_34' title='bbox 1861 566 2079 601; x_wconf 83' lang='lat' dir='ltr'>conventus</span> <span class='ocrx_word' id='word_1_35' title='bbox 2143 570 2153 580; x_wconf 86' lang='grc'>·</span> 
     </span>
    </p>
   </div>
   <div class='ocr_carea' id='block_1_5' title="bbox 306 629 2119 2460">
    <p class='ocr_par' dir='ltr' id='par_1_5' title="bbox 306 629 2119 2460">
     <span class='ocr_line' id='line_1_7' title="bbox 308 629 2079 684; baseline -0.002 -12"><span class='ocrx_word' id='word_1_36' title='bbox 308 633 535 673; x_wconf 87' lang='lat' dir='ltr'>Cluniensis</span> <span class='ocrx_word' id='word_1_37' title='bbox 555 634 677 672; x_wconf 86' lang='lat' dir='ltr'>Plinii</span> <span class='ocrx_word' id='word_1_38' title='bbox 709 634 750 683; x_wconf 90' lang='lat'>(3</span> <span class='ocrx_word' id='word_1_39' title='bbox 774 634 796 684; x_wconf 59' lang='grc' dir='ltr'>ᾗ</span> <span class='ocrx_word' id='word_1_40' title='bbox 819 633 902 683; x_wconf 82' lang='lat'>26),</span> <span class='ocrx_word' id='word_1_41' title='bbox 932 639 975 672; x_wconf 93' lang='lat' dir='ltr'>ut</span> <span class='ocrx_word' id='word_1_42' title='bbox 995 634 1142 671; x_wconf 91' lang='lat' dir='ltr'>dudum</span> <span class='ocrx_word' id='word_1_43' title='bbox 1163 633 1382 671; x_wconf 88' lang='lat' dir='ltr'>docuerunt</span> <span class='ocrx_word' id='word_1_44' title='bbox 1401 645 1608 671; x_wconf 86' lang='lat' dir='ltr'>mensurae</span> <span class='ocrx_word' id='word_1_45' title='bbox 1628 631 1821 670; x_wconf 84' lang='lat' dir='ltr'>itinerarii</span> <span class='ocrx_word' id='word_1_46' title='bbox 1852 631 1909 681; x_wconf 90' lang='lat' dir='ltr'>(p.</span> <span class='ocrx_word' id='word_1_47' title='bbox 1931 630 2024 677; x_wconf 87' lang='lat'>449,</span> <span class='ocrx_word' id='word_1_48' title='bbox 2042 629 2079 668; x_wconf 96' lang='lat'>5.</span> 
     </span>
     <span class='ocr_line' id='line_1_8' title="bbox 308 701 2080 753; baseline -0.003 -13"><span class='ocrx_word' id='word_1_49' title='bbox 308 703 402 748; x_wconf 85' lang='lat'>454,</span> <span class='ocrx_word' id='word_1_50' title='bbox 427 702 450 740; x_wconf 90' lang='lat'>2</span> <span class='ocrx_word' id='word_1_51' title='bbox 482 702 531 740; x_wconf 90' lang='lat' dir='ltr'>cf.</span> <span class='ocrx_word' id='word_1_52' title='bbox 557 702 648 753; x_wconf 69' lang='lat'>394,</span> <span class='ocrx_word' id='word_1_53' title='bbox 680 702 737 752; x_wconf 88' lang='lat'>5),</span> <span class='ocrx_word' id='word_1_54' title='bbox 777 702 917 740; x_wconf 87' lang='lat' dir='ltr'>titulos</span> <span class='ocrx_word' id='word_1_55' title='bbox 956 707 1074 740; x_wconf 85' lang='lat' dir='ltr'>antea</span> <span class='ocrx_word' id='word_1_56' title='bbox 1111 701 1245 740; x_wconf 90' lang='lat' dir='ltr'>nullos</span> <span class='ocrx_word' id='word_1_57' title='bbox 1281 701 1446 751; x_wconf 87' lang='lat' dir='ltr'>protulit</span> <span class='ocrx_word' id='word_1_58' title='bbox 1458 715 1468 747; x_wconf 94' lang='lat'>;</span> <span class='ocrx_word' id='word_1_59' title='bbox 1509 701 1611 739; x_wconf 88' lang='lat' dir='ltr'>illud</span> <span class='ocrx_word' id='word_1_60' title='bbox 1648 706 1801 739; x_wconf 89' lang='lat' dir='ltr'>tantum</span> <span class='ocrx_word' id='word_1_61' title='bbox 1837 703 2080 750; x_wconf 85' lang='lat' dir='ltr'>compertum</span> 
     </span>
     <span class='ocr_line' id='line_1_9' title="bbox 306 768 2081 819; baseline -0.002 -11"><span class='ocrx_word' id='word_1_62' title='bbox 306 771 518 808; x_wconf 82' lang='lat' dir='ltr'>habuimus</span> <span class='ocrx_word' id='word_1_63' title='bbox 557 783 609 809; x_wconf 86' lang='lat' dir='ltr'>ex</span> <span class='ocrx_word' id='word_1_64' title='bbox 646 771 760 808; x_wconf 90' lang='lat' dir='ltr'>titulo</span> <span class='ocrx_word' id='word_1_65' title='bbox 790 770 834 808; x_wconf 95' lang='lat' dir='ltr'>II</span> <span class='ocrx_word' id='word_1_66' title='bbox 865 769 970 808; x_wconf 86' lang='grc'>2915</span> <span class='ocrx_word' id='word_1_67' title='bbox 1007 776 1163 819; x_wconf 89' lang='lat' dir='ltr'>reperto</span> <span class='ocrx_word' id='word_1_68' title='bbox 1198 770 1270 807; x_wconf 92' lang='lat' dir='ltr'>illo</span> <span class='ocrx_word' id='word_1_69' title='bbox 1299 769 1389 807; x_wconf 92' lang='lat' dir='ltr'>inde</span> <span class='ocrx_word' id='word_1_70' title='bbox 1418 769 1548 819; x_wconf 83' lang='lat' dir='ltr'>leugis</span> <span class='ocrx_word' id='word_1_71' title='bbox 1579 769 1730 818; x_wconf 86' lang='lat' dir='ltr'>aliquot</span> <span class='ocrx_word' id='word_1_72' title='bbox 1774 768 1903 819; x_wconf 89' lang='lat' dir='ltr'>magis</span> <span class='ocrx_word' id='word_1_73' title='bbox 1942 777 2081 804; x_wconf 87' lang='lat' dir='ltr'>versus</span> 
     </span>
     <span class='ocr_line' id='line_1_10' title="bbox 309 827 2084 889; baseline -0.003 -12"><span class='ocrx_word' id='word_1_74' title='bbox 309 827 615 888; x_wconf 80' lang='lat' dir='ltr'>septentriones,</span> <span class='ocrx_word' id='word_1_75' title='bbox 656 840 724 889; x_wconf 90' lang='lat' dir='ltr'>qui</span> <span class='ocrx_word' id='word_1_76' title='bbox 765 839 947 877; x_wconf 87' lang='lat' dir='ltr'>stationis</span> <span class='ocrx_word' id='word_1_77' title='bbox 979 837 1375 888; x_wconf 85' lang='lat' dir='ltr'>Segisamonensium</span> <span class='ocrx_word' id='word_1_78' title='bbox 1410 837 1647 875; x_wconf 82' lang='lat' dir='ltr'>mentionem</span> <span class='ocrx_word' id='word_1_79' title='bbox 1683 837 1797 883; x_wconf 81' lang='lat' dir='ltr'>facit,</span> <span class='ocrx_word' id='word_1_80' title='bbox 1841 836 1970 874; x_wconf 87' lang='lat' dir='ltr'>fuisse</span> <span class='ocrx_word' id='word_1_81' title='bbox 2014 839 2084 872; x_wconf 88' lang='lat' dir='ltr'>aut</span> 
     </span>
     <span class='ocr_line' id='line_1_11' title="bbox 309 903 2083 957; baseline -0.003 -12"><span class='ocrx_word' id='word_1_82' title='bbox 309 905 572 957; x_wconf 87' lang='lat' dir='ltr'>Segisamone</span> <span class='ocrx_word' id='word_1_83' title='bbox 612 907 823 945; x_wconf 89' lang='lat' dir='ltr'>stationem</span> <span class='ocrx_word' id='word_1_84' title='bbox 858 907 1028 945; x_wconf 87' lang='lat' dir='ltr'>fortasse</span> <span class='ocrx_word' id='word_1_85' title='bbox 1063 907 1381 956; x_wconf 83' lang='lat' dir='ltr'>publicanorum,</span> <span class='ocrx_word' id='word_1_86' title='bbox 1425 910 1493 944; x_wconf 89' lang='lat' dir='ltr'>aut</span> <span class='ocrx_word' id='word_1_87' title='bbox 1534 918 1660 956; x_wconf 86' lang='lat' dir='ltr'>prope</span> <span class='ocrx_word' id='word_1_88' title='bbox 1705 903 2006 954; x_wconf 86' lang='lat' dir='ltr'>Segisamonem</span> <span class='ocrx_word' id='word_1_89' title='bbox 2041 903 2083 940; x_wconf 90' lang='lat' dir='ltr'>in</span> 
     </span>
     <span class='ocr_line' id='line_1_12' title="bbox 306 971 2082 1025; baseline -0.002 -13"><span class='ocrx_word' id='word_1_90' title='bbox 306 975 394 1013; x_wconf 89' lang='lat' dir='ltr'>loco</span> <span class='ocrx_word' id='word_1_91' title='bbox 424 988 484 1022; x_wconf 88' lang='lat' dir='ltr'>eo,</span> <span class='ocrx_word' id='word_1_92' title='bbox 515 987 594 1025; x_wconf 88' lang='lat' dir='ltr'>quo</span> <span class='ocrx_word' id='word_1_93' title='bbox 625 975 762 1013; x_wconf 85' lang='lat' dir='ltr'>titulus</span> <span class='ocrx_word' id='word_1_94' title='bbox 792 975 860 1013; x_wconf 90' lang='lat' dir='ltr'>ille</span> <span class='ocrx_word' id='word_1_95' title='bbox 890 975 1052 1025; x_wconf 86' lang='lat' dir='ltr'>prodiit.</span> <span class='ocrx_word' id='word_1_96' title='bbox 1111 974 1228 1013; x_wconf 91' lang='lat' dir='ltr'>Nunc</span> <span class='ocrx_word' id='word_1_97' title='bbox 1267 974 1413 1013; x_wconf 87' lang='lat' dir='ltr'>tabella</span> <span class='ocrx_word' id='word_1_98' title='bbox 1450 974 1492 1011; x_wconf 92' lang='lat' dir='ltr'>in</span> <span class='ocrx_word' id='word_1_99' title='bbox 1520 973 1610 1023; x_wconf 87' lang='lat' dir='ltr'>ipso</span> <span class='ocrx_word' id='word_1_100' title='bbox 1649 973 1728 1011; x_wconf 88' lang='lat' dir='ltr'>situ</span> <span class='ocrx_word' id='word_1_101' title='bbox 1764 972 1900 1023; x_wconf 90' lang='lat' dir='ltr'>oppidi</span> <span class='ocrx_word' id='word_1_102' title='bbox 1937 971 2082 1010; x_wconf 86' lang='lat' dir='ltr'>veteris</span> 
     </span>
     <span class='ocr_line' id='line_1_13' title="bbox 307 1039 2084 1091; baseline -0.002 -10"><span class='ocrx_word' id='word_1_103' title='bbox 307 1043 457 1081; x_wconf 90' lang='lat' dir='ltr'>effossa</span> <span class='ocrx_word' id='word_1_104' title='bbox 486 1048 525 1081; x_wconf 86' lang='lat' dir='ltr'>et</span> <span class='ocrx_word' id='word_1_105' title='bbox 554 1043 856 1082; x_wconf 83' lang='lat' dir='ltr'>collocationem</span> <span class='ocrx_word' id='word_1_106' title='bbox 887 1044 1094 1081; x_wconf 84' lang='lat' dir='ltr'>confirmat</span> <span class='ocrx_word' id='word_1_107' title='bbox 1124 1049 1163 1081; x_wconf 90' lang='lat' dir='ltr'>et</span> <span class='ocrx_word' id='word_1_108' title='bbox 1182 1055 1325 1081; x_wconf 90' lang='lat' dir='ltr'>nomen</span> <span class='ocrx_word' id='word_1_109' title='bbox 1356 1042 1514 1089; x_wconf 80' lang='lat' dir='ltr'>civium,</span> <span class='ocrx_word' id='word_1_110' title='bbox 1544 1041 1651 1091; x_wconf 90' lang='lat' dir='ltr'>quod</span> <span class='ocrx_word' id='word_1_111' title='bbox 1673 1041 1861 1091; x_wconf 87' lang='lat' dir='ltr'>scriptum</span> <span class='ocrx_word' id='word_1_112' title='bbox 1894 1046 1956 1078; x_wconf 88' lang='lat' dir='ltr'>est</span> <span class='ocrx_word' id='word_1_113' title='bbox 1982 1053 2019 1078; x_wconf 87' lang='lat' dir='ltr'>v.</span> <span class='ocrx_word' id='word_1_114' title='bbox 2044 1039 2084 1086; x_wconf 85' lang='lat'>5,</span> 
     </span>
     <span class='ocr_line' id='line_1_14' title="bbox 310 1109 1008 1162; baseline -0.001 -12"><span class='ocrx_word' id='word_1_115' title='bbox 310 1109 700 1162; x_wconf 86' lang='lat' dir='ltr'>Segisamonensium</span> <span class='ocrx_word' id='word_1_116' title='bbox 730 1124 820 1150; x_wconf 88' lang='lat' dir='ltr'>esse</span> <span class='ocrx_word' id='word_1_117' title='bbox 849 1112 1008 1149; x_wconf 89' lang='lat' dir='ltr'>indicat.</span> 
     </span>
     <span class='ocr_line' id='line_1_15' title="bbox 419 1175 2119 1230; baseline -0.002 -14"><span class='ocrx_word' id='word_1_118' title='bbox 419 1179 715 1229; x_wconf 83' lang='lat' dir='ltr'>Interpretatio,</span> <span class='ocrx_word' id='word_1_119' title='bbox 746 1193 866 1230; x_wconf 88' lang='lat' dir='ltr'>quam</span> <span class='ocrx_word' id='word_1_120' title='bbox 898 1181 1105 1230; x_wconf 88' lang='lat' dir='ltr'>proposui,</span> <span class='ocrx_word' id='word_1_121' title='bbox 1136 1180 1274 1230; x_wconf 78' lang='lat' dir='ltr'>paucis</span> <span class='ocrx_word' id='word_1_122' title='bbox 1306 1186 1394 1229; x_wconf 84' lang='lat' dir='ltr'>eget</span> <span class='ocrx_word' id='word_1_123' title='bbox 1414 1177 1760 1229; x_wconf 84' lang='lat' dir='ltr'>explicationibus.</span> <span class='ocrx_word' id='word_1_124' title='bbox 1821 1175 2084 1216; x_wconf 84' lang='lat' dir='ltr'>observanda</span> <span class='ocrx_word' id='word_1_125' title='bbox 2117 1188 2119 1191; x_wconf 77' lang='grc'>’</span> 
     </span>
     <span class='ocr_line' id='line_1_16' title="bbox 310 1235 1941 1297; baseline -0.002 -11"><span class='ocrx_word' id='word_1_126' title='bbox 310 1252 403 1286; x_wconf 81' lang='lat' dir='ltr'>sunt</span> <span class='ocrx_word' id='word_1_127' title='bbox 432 1248 667 1286; x_wconf 85' lang='lat' dir='ltr'>rusticitatis</span> <span class='ocrx_word' id='word_1_128' title='bbox 698 1249 796 1287; x_wconf 88' lang='lat' dir='ltr'>vitia</span> <span class='ocrx_word' id='word_1_129' title='bbox 825 1249 1030 1296; x_wconf 89' lang='lat' dir='ltr'>nonnulla,</span> <span class='ocrx_word' id='word_1_130' title='bbox 1061 1249 1120 1286; x_wconf 90' lang='lat' dir='ltr'>illi</span> <span class='ocrx_word' id='word_1_131' title='bbox 1150 1247 1318 1297; x_wconf 84' lang='lat' dir='ltr'>tempori</span> <span class='ocrx_word' id='word_1_132' title='bbox 1346 1248 1485 1297; x_wconf 92' lang='lat' dir='ltr'>illique</span> <span class='ocrx_word' id='word_1_133' title='bbox 1523 1247 1614 1284; x_wconf 92' lang='lat' dir='ltr'>loco</span> <span class='ocrx_word' id='word_1_134' title='bbox 1645 1235 1941 1284; x_wconf 85' lang='lat' dir='ltr'>convenientia:</span> 
     </span>
     <span class='ocr_line' id='line_1_17' title="bbox 513 1313 2083 1368; baseline -0.003 -14"><span class='ocrx_word' id='word_1_135' title='bbox 513 1326 618 1364; x_wconf 86' lang='lat' dir='ltr'>svc1,</span> <span class='ocrx_word' id='word_1_136' title='bbox 655 1316 973 1368; x_wconf 78' lang='lat' dir='ltr'>suc[c(eperunt)]</span> <span class='ocrx_word' id='word_1_137' title='bbox 1012 1329 1049 1354; x_wconf 88' lang='lat' dir='ltr'>v.</span> <span class='ocrx_word' id='word_1_138' title='bbox 1084 1317 1118 1353; x_wconf 87' lang='lat'>1.</span> <span class='ocrx_word' id='word_1_139' title='bbox 1196 1316 1301 1354; x_wconf 86' lang='lat' dir='ltr'>Puto</span> <span class='ocrx_word' id='word_1_140' title='bbox 1350 1313 1455 1354; x_wconf 86' lang='lat' dir='ltr'>enim</span> <span class='ocrx_word' id='word_1_141' title='bbox 1499 1315 1679 1352; x_wconf 86' lang='lat' dir='ltr'>ultimam</span> <span class='ocrx_word' id='word_1_142' title='bbox 1726 1314 1899 1352; x_wconf 82' lang='lat' dir='ltr'>litteram</span> <span class='ocrx_word' id='word_1_143' title='bbox 1949 1325 2083 1352; x_wconf 85' lang='lat' dir='ltr'>errore</span> 
     </span>
     <span class='ocr_line' id='line_1_18' title="bbox 579 1381 2084 1435; baseline -0.003 -13"><span class='ocrx_word' id='word_1_144' title='bbox 579 1386 750 1434; x_wconf 82' lang='lat' dir='ltr'>positam</span> <span class='ocrx_word' id='word_1_145' title='bbox 790 1397 879 1424; x_wconf 84' lang='lat' dir='ltr'>esse</span> <span class='ocrx_word' id='word_1_146' title='bbox 918 1397 990 1435; x_wconf 90' lang='lat' dir='ltr'>pro</span> <span class='ocrx_word' id='word_1_147' title='bbox 1021 1396 1057 1423; x_wconf 84' lang='lat' dir='ltr'>c.</span> <span class='ocrx_word' id='word_1_148' title='bbox 1123 1384 1188 1422; x_wconf 90' lang='lat' dir='ltr'>Ita</span> <span class='ocrx_word' id='word_1_149' title='bbox 1217 1391 1389 1434; x_wconf 77' lang='lat' dir='ltr'>succepto</span> <span class='ocrx_word' id='word_1_150' title='bbox 1419 1383 1481 1422; x_wconf 88' lang='lat' dir='ltr'>bis</span> <span class='ocrx_word' id='word_1_151' title='bbox 1517 1383 1662 1434; x_wconf 88' lang='lat' dir='ltr'>legitur</span> <span class='ocrx_word' id='word_1_152' title='bbox 1690 1381 1732 1420; x_wconf 96' lang='lat' dir='ltr'>II</span> <span class='ocrx_word' id='word_1_153' title='bbox 1762 1381 1853 1428; x_wconf 86' lang='lat'>136,</span> <span class='ocrx_word' id='word_1_154' title='bbox 1890 1387 2084 1431; x_wconf 80' lang='lat' dir='ltr'>succeptus</span> 
     </span>
     <span class='ocr_line' id='line_1_19' title="bbox 579 1449 2084 1503; baseline -0.002 -13"><span class='ocrx_word' id='word_1_155' title='bbox 579 1453 645 1490; x_wconf 87' lang='grc' dir='ltr'>ΙΙΙ</span> <span class='ocrx_word' id='word_1_156' title='bbox 685 1453 806 1492; x_wconf 84' lang='grc'>6423.</span> <span class='ocrx_word' id='word_1_157' title='bbox 864 1452 956 1491; x_wconf 90' lang='lat' dir='ltr'>Nisi</span> <span class='ocrx_word' id='word_1_158' title='bbox 994 1453 1165 1490; x_wconf 84' lang='lat' dir='ltr'>fortasse</span> <span class='ocrx_word' id='word_1_159' title='bbox 1204 1457 1382 1503; x_wconf 85' lang='lat' dir='ltr'>praestat</span> <span class='ocrx_word' id='word_1_160' title='bbox 1429 1461 1530 1489; x_wconf 67' lang='lat' dir='ltr'>sves</span> <span class='ocrx_word' id='word_1_161' title='bbox 1567 1456 1801 1500; x_wconf 79' lang='lat' dir='ltr'>suceperunt,</span> <span class='ocrx_word' id='word_1_162' title='bbox 1838 1450 1896 1487; x_wconf 86' lang='lat' dir='ltr'>ita</span> <span class='ocrx_word' id='word_1_163' title='bbox 1924 1455 1968 1488; x_wconf 89' lang='lat' dir='ltr'>ut</span> <span class='ocrx_word' id='word_1_164' title='bbox 1995 1449 2084 1502; x_wconf 71' lang='lat' dir='ltr'>subs</span> 
     </span>
     <span class='ocr_line' id='line_1_20' title="bbox 582 1518 1795 1570; baseline -0.003 -10"><span class='ocrx_word' id='word_1_165' title='bbox 582 1534 647 1560; x_wconf 78' lang='lat' dir='ltr'>sus</span> <span class='ocrx_word' id='word_1_166' title='bbox 677 1535 757 1560; x_wconf 91' lang='lat' dir='ltr'>non</span> <span class='ocrx_word' id='word_1_167' title='bbox 788 1522 1068 1569; x_wconf 88' lang='lat' dir='ltr'>assimilatum,</span> <span class='ocrx_word' id='word_1_168' title='bbox 1101 1521 1172 1559; x_wconf 86' lang='lat' dir='ltr'>sed</span> <span class='ocrx_word' id='word_1_169' title='bbox 1200 1521 1335 1559; x_wconf 88' lang='lat' dir='ltr'>littera</span> <span class='ocrx_word' id='word_1_170' title='bbox 1363 1519 1474 1558; x_wconf 85' lang='lat' dir='ltr'>finali</span> <span class='ocrx_word' id='word_1_171' title='bbox 1502 1518 1795 1570; x_wconf 82' lang='lat' dir='ltr'>privatumsit.</span> 
     </span>
     <span class='ocr_line' id='line_1_21' title="bbox 512 1589 823 1628; baseline 0 0"><span class='ocrx_word' id='word_1_172' title='bbox 512 1590 680 1628; x_wconf 83' lang='lat' dir='ltr'>Emilius</span> <span class='ocrx_word' id='word_1_173' title='bbox 711 1604 748 1628; x_wconf 86' lang='lat' dir='ltr'>v.</span> <span class='ocrx_word' id='word_1_174' title='bbox 773 1589 823 1628; x_wconf 84' lang='lat'>25</span> 
     </span>
     <span class='ocr_line' id='line_1_22' title="bbox 504 1659 832 1709; baseline 0.003 -13"><span class='ocrx_word' id='word_1_175' title='bbox 504 1659 688 1709; x_wconf 71' lang='lat' dir='ltr'>Beb(v&#39;us)</span> <span class='ocrx_word' id='word_1_176' title='bbox 720 1673 756 1697; x_wconf 88' lang='lat' dir='ltr'>v.</span> <span class='ocrx_word' id='word_1_177' title='bbox 780 1659 832 1697; x_wconf 88' lang='grc'>20</span> 
     </span>
     <span class='ocr_line' id='line_1_23' title="bbox 505 1728 941 1777; baseline 0 -13"><span class='ocrx_word' id='word_1_178' title='bbox 505 1730 829 1777; x_wconf 75' lang='lat' dir='ltr'>prestantissimis</span> <span class='ocrx_word' id='word_1_179' title='bbox 859 1741 895 1764; x_wconf 94' lang='lat' dir='ltr'>v.</span> <span class='ocrx_word' id='word_1_180' title='bbox 917 1728 941 1764; x_wconf 87' lang='lat'>4</span> 
     </span>
     <span class='ocr_line' id='line_1_24' title="bbox 507 1794 1299 1845; baseline -0.003 -12"><span class='ocrx_word' id='word_1_181' title='bbox 507 1795 663 1834; x_wconf 79' lang='lat' dir='ltr'>Valerie</span> <span class='ocrx_word' id='word_1_182' title='bbox 694 1795 845 1834; x_wconf 84' lang='lat' dir='ltr'>Sorane</span> <span class='ocrx_word' id='word_1_183' title='bbox 868 1802 1033 1845; x_wconf 82' lang='lat' dir='ltr'>patrone</span> <span class='ocrx_word' id='word_1_184' title='bbox 1061 1801 1188 1832; x_wconf 74' lang='lat' dir='ltr'>nostre</span> <span class='ocrx_word' id='word_1_185' title='bbox 1217 1807 1253 1832; x_wconf 91' lang='lat' dir='ltr'>v.</span> <span class='ocrx_word' id='word_1_186' title='bbox 1276 1794 1299 1831; x_wconf 84' lang='lat'>8</span> 
     </span>
     <span class='ocr_line' id='line_1_25' title="bbox 506 1864 898 1912; baseline 0 -11"><span class='ocrx_word' id='word_1_187' title='bbox 506 1867 756 1912; x_wconf 60' lang='lat' dir='ltr'>pec-tenarius</span> <span class='ocrx_word' id='word_1_188' title='bbox 787 1877 824 1901; x_wconf 90' lang='lat' dir='ltr'>v.</span> <span class='ocrx_word' id='word_1_189' title='bbox 851 1864 898 1901; x_wconf 87' lang='grc'>17</span> 
     </span>
     <span class='ocr_line' id='line_1_26' title="bbox 512 1924 2084 1980; baseline -0.004 -10"><span class='ocrx_word' id='word_1_190' title='bbox 512 1931 690 1970; x_wconf 85' lang='lat' dir='ltr'>Nomina</span> <span class='ocrx_word' id='word_1_191' title='bbox 722 1931 969 1971; x_wconf 87' lang='lat' dir='ltr'>Graecanica</span> <span class='ocrx_word' id='word_1_192' title='bbox 998 1932 1147 1969; x_wconf 83' lang='lat' dir='ltr'>rustice</span> <span class='ocrx_word' id='word_1_193' title='bbox 1178 1931 1327 1980; x_wconf 85' lang='lat' dir='ltr'>scripta</span> <span class='ocrx_word' id='word_1_194' title='bbox 1359 1929 1515 1978; x_wconf 77' lang='lat' dir='ltr'>Caliope</span> <span class='ocrx_word' id='word_1_195' title='bbox 1545 1941 1580 1965; x_wconf 89' lang='lat' dir='ltr'>v.</span> <span class='ocrx_word' id='word_1_196' title='bbox 1606 1929 1669 1975; x_wconf 91' lang='grc'>11,</span> <span class='ocrx_word' id='word_1_197' title='bbox 1699 1926 1927 1965; x_wconf 78' lang='lat' dir='ltr'>Aeuarz’stus</span> <span class='ocrx_word' id='word_1_198' title='bbox 1957 1939 1994 1964; x_wconf 87' lang='lat' dir='ltr'>v.</span> <span class='ocrx_word' id='word_1_199' title='bbox 2019 1924 2084 1973; x_wconf 87' lang='grc'>24,</span> 
     </span>
     <span class='ocr_line' id='line_1_27' title="bbox 578 1998 1254 2050; baseline -0.004 -12"><span class='ocrx_word' id='word_1_200' title='bbox 578 2001 765 2050; x_wconf 81' lang='lat' dir='ltr'>Eusemus</span> <span class='ocrx_word' id='word_1_201' title='bbox 795 2014 831 2039; x_wconf 90' lang='lat' dir='ltr'>v.</span> <span class='ocrx_word' id='word_1_202' title='bbox 865 2000 928 2048; x_wconf 85' lang='lat'>22,</span> <span class='ocrx_word' id='word_1_203' title='bbox 960 2000 1105 2037; x_wconf 80' lang='lat' dir='ltr'>Elenus</span> <span class='ocrx_word' id='word_1_204' title='bbox 1136 2013 1171 2037; x_wconf 92' lang='lat' dir='ltr'>v.</span> <span class='ocrx_word' id='word_1_205' title='bbox 1205 1998 1254 2035; x_wconf 86' lang='grc'>23</span> 
     </span>
     <span class='ocr_line' id='line_1_28' title="bbox 513 2059 2084 2120; baseline -0.005 -12"><span class='ocrx_word' id='word_1_206' title='bbox 513 2068 763 2120; x_wconf 88' lang='lat' dir='ltr'>Compendia</span> <span class='ocrx_word' id='word_1_207' title='bbox 787 2069 1008 2118; x_wconf 84' lang='lat' dir='ltr'>scripturae</span> <span class='ocrx_word' id='word_1_208' title='bbox 1027 2067 1243 2106; x_wconf 87' lang='lat' dir='ltr'>insolentia</span> <span class='ocrx_word' id='word_1_209' title='bbox 1262 2073 1334 2113; x_wconf 83' lang='lat' dir='ltr'>vot,</span> <span class='ocrx_word' id='word_1_210' title='bbox 1353 2066 1490 2115; x_wconf 84' lang='lat' dir='ltr'>suc[c],</span> <span class='ocrx_word' id='word_1_211' title='bbox 1502 2065 1575 2114; x_wconf 82' lang='lat' dir='ltr'>sel,</span> <span class='ocrx_word' id='word_1_212' title='bbox 1598 2064 1695 2102; x_wconf 83' lang='lat' dir='ltr'>liben</span> <span class='ocrx_word' id='word_1_213' title='bbox 1714 2077 1751 2102; x_wconf 88' lang='lat' dir='ltr'>v.</span> <span class='ocrx_word' id='word_1_214' title='bbox 1778 2064 1813 2101; x_wconf 90' lang='lat'>1.</span> <span class='ocrx_word' id='word_1_215' title='bbox 1831 2062 1869 2110; x_wconf 89' lang='grc'>2,</span> <span class='ocrx_word' id='word_1_216' title='bbox 1889 2064 1935 2112; x_wconf 84' lang='lat' dir='ltr'>fe</span> <span class='ocrx_word' id='word_1_217' title='bbox 1954 2075 1991 2101; x_wconf 81' lang='lat' dir='ltr'>v.</span> <span class='ocrx_word' id='word_1_218' title='bbox 2007 2063 2029 2101; x_wconf 90' lang='lat'><strong>3</strong></span> <span class='ocrx_word' id='word_1_219' title='bbox 2045 2059 2084 2111; x_wconf 87' lang='lat'>¹)</span> 
     </span>
     <span class='ocr_line' id='line_1_29' title="bbox 580 2135 1510 2194; baseline -0.005 -18"><span class='ocrx_word' id='word_1_220' title='bbox 580 2138 701 2194; x_wconf 67' lang='lat' dir='ltr'>spatii</span> <span class='ocrx_word' id='word_1_221' title='bbox 732 2137 899 2187; x_wconf 87' lang='lat' dir='ltr'>penuria</span> <span class='ocrx_word' id='word_1_222' title='bbox 929 2137 1063 2186; x_wconf 87' lang='lat' dir='ltr'>aliquo</span> <span class='ocrx_word' id='word_1_223' title='bbox 1101 2135 1217 2173; x_wconf 88' lang='lat' dir='ltr'>modo</span> <span class='ocrx_word' id='word_1_224' title='bbox 1255 2141 1510 2173; x_wconf 83' lang='lat' dir='ltr'>excusantur.</span> 
     </span>
     <span class='ocr_line' id='line_1_30' title="bbox 514 2199 2085 2256; baseline -0.004 -13"><span class='ocrx_word' id='word_1_225' title='bbox 514 2204 723 2244; x_wconf 79' lang='lat' dir='ltr'>sodalium</span> <span class='ocrx_word' id='word_1_226' title='bbox 748 2206 911 2243; x_wconf 88' lang='lat' dir='ltr'>nomina</span> <span class='ocrx_word' id='word_1_227' title='bbox 931 2205 1143 2256; x_wconf 87' lang='lat' dir='ltr'>gentilicia,</span> <span class='ocrx_word' id='word_1_228' title='bbox 1174 2203 1509 2249; x_wconf 84' lang='lat' dir='ltr'>item-mulierum,</span> <span class='ocrx_word' id='word_1_229' title='bbox 1541 2202 1666 2240; x_wconf 86' lang='lat' dir='ltr'>tribus</span> <span class='ocrx_word' id='word_1_230' title='bbox 1695 2200 1838 2239; x_wconf 86' lang='lat' dir='ltr'>litteris</span> <span class='ocrx_word' id='word_1_231' title='bbox 1859 2199 2085 2238; x_wconf 81' lang='lat' dir='ltr'>indicantur</span> 
     </span>
     <span class='ocr_line' id='line_1_31' title="bbox 579 2268 2084 2322; baseline -0.003 -11"><span class='ocrx_word' id='word_1_232' title='bbox 579 2280 733 2312; x_wconf 89' lang='lat' dir='ltr'>tantum</span> <span class='ocrx_word' id='word_1_233' title='bbox 770 2286 848 2311; x_wconf 89' lang='lat' dir='ltr'>non</span> <span class='ocrx_word' id='word_1_234' title='bbox 888 2273 1020 2310; x_wconf 89' lang='lat' dir='ltr'>omnia</span> <span class='ocrx_word' id='word_1_235' title='bbox 1051 2272 1324 2322; x_wconf 88' lang='lat' dir='ltr'>(excipiuntur</span> <span class='ocrx_word' id='word_1_236' title='bbox 1352 2272 1520 2309; x_wconf 78' lang='lat' dir='ltr'>Emilius</span> <span class='ocrx_word' id='word_1_237' title='bbox 1553 2270 1748 2309; x_wconf 75' lang='lat' dir='ltr'>Secundus</span> <span class='ocrx_word' id='word_1_238' title='bbox 1779 2282 1815 2306; x_wconf 90' lang='lat' dir='ltr'>v.</span> <span class='ocrx_word' id='word_1_239' title='bbox 1847 2268 1899 2307; x_wconf 85' lang='lat'>25</span> <span class='ocrx_word' id='word_1_240' title='bbox 1930 2273 1969 2306; x_wconf 84' lang='lat' dir='ltr'>et</span> <span class='ocrx_word' id='word_1_241' title='bbox 2004 2268 2084 2307; x_wconf 87' lang='lat' dir='ltr'>Va-</span> 
     </span>
     <span class='ocr_line' id='line_1_32' title="bbox 582 2336 2084 2391; baseline -0.003 -12"><span class='ocrx_word' id='word_1_242' title='bbox 582 2343 679 2381; x_wconf 80' lang='lat' dir='ltr'>leria</span> <span class='ocrx_word' id='word_1_243' title='bbox 715 2342 848 2380; x_wconf 78' lang='lat' dir='ltr'>Britta</span> <span class='ocrx_word' id='word_1_244' title='bbox 882 2354 918 2379; x_wconf 81' lang='lat' dir='ltr'>v.</span> <span class='ocrx_word' id='word_1_245' title='bbox 952 2341 1019 2391; x_wconf 81' lang='lat'>15)</span> <span class='ocrx_word' id='word_1_246' title='bbox 1064 2354 1174 2379; x_wconf 92' lang='lat' dir='ltr'>more</span> <span class='ocrx_word' id='word_1_247' title='bbox 1211 2345 1422 2387; x_wconf 84' lang='lat' dir='ltr'>consueto,</span> <span class='ocrx_word' id='word_1_248' title='bbox 1460 2339 1676 2378; x_wconf 89' lang='lat' dir='ltr'>insolenter</span> <span class='ocrx_word' id='word_1_249' title='bbox 1712 2342 1899 2388; x_wconf 89' lang='lat' dir='ltr'>quattuor</span> <span class='ocrx_word' id='word_1_250' title='bbox 1940 2336 2084 2375; x_wconf 86' lang='lat' dir='ltr'>litteris</span> 
     </span>
     <span class='ocr_line' id='line_1_33' title="bbox 583 2410 1168 2460; baseline -0.003 -12"><span class='ocrx_word' id='word_1_251' title='bbox 583 2410 809 2460; x_wconf 77' lang='lat' dir='ltr'>Anti(stia),</span> <span class='ocrx_word' id='word_1_252' title='bbox 842 2410 876 2448; x_wconf 87' lang='lat' dir='ltr'>si</span> <span class='ocrx_word' id='word_1_253' title='bbox 905 2416 1011 2447; x_wconf 86' lang='lat' dir='ltr'>recte</span> <span class='ocrx_word' id='word_1_254' title='bbox 1043 2410 1168 2447; x_wconf 87' lang='lat' dir='ltr'>solvo.</span> 
     </span>
    </p>
   </div>
   <div class='ocr_carea' id='block_1_6' title="bbox 513 2472 2215 2530">
    <p class='ocr_par' dir='ltr' id='par_1_6' title="bbox 513 2472 2215 2530">
     <span class='ocr_line' id='line_1_34' title="bbox 513 2472 2215 2530; baseline -0.004 -13"><span class='ocrx_word' id='word_1_255' title='bbox 513 2479 672 2518; x_wconf 87' lang='lat' dir='ltr'>Puncta</span> <span class='ocrx_word' id='word_1_256' title='bbox 700 2479 935 2530; x_wconf 89' lang='lat' dir='ltr'>plerumque</span> <span class='ocrx_word' id='word_1_257' title='bbox 965 2477 1132 2525; x_wconf 87' lang='lat' dir='ltr'>omissa;</span> <span class='ocrx_word' id='word_1_258' title='bbox 1164 2477 1229 2515; x_wconf 91' lang='lat' dir='ltr'>ubi</span> <span class='ocrx_word' id='word_1_259' title='bbox 1251 2477 1386 2528; x_wconf 88' lang='lat' dir='ltr'>posita</span> <span class='ocrx_word' id='word_1_260' title='bbox 1407 2482 1512 2525; x_wconf 84' lang='lat' dir='ltr'>sunt,</span> <span class='ocrx_word' id='word_1_261' title='bbox 1544 2482 1588 2514; x_wconf 85' lang='lat' dir='ltr'>ut</span> <span class='ocrx_word' id='word_1_262' title='bbox 1606 2489 1643 2514; x_wconf 87' lang='lat' dir='ltr'>v.</span> <span class='ocrx_word' id='word_1_263' title='bbox 1669 2476 1731 2514; x_wconf 89' lang='lat'>13.</span> <span class='ocrx_word' id='word_1_264' title='bbox 1758 2474 1820 2513; x_wconf 90' lang='lat'>14.</span> <span class='ocrx_word' id='word_1_265' title='bbox 1845 2474 1907 2513; x_wconf 87' lang='lat'>16.</span> <span class='ocrx_word' id='word_1_266' title='bbox 1930 2473 1994 2512; x_wconf 88' lang='grc'>21.</span> <span class='ocrx_word' id='word_1_267' title='bbox 2016 2472 2082 2512; x_wconf 88' lang='grc'>24.</span> <span class='ocrx_word' id='word_1_268' title='bbox 2150 2496 2152 2499; x_wconf 89' lang='grc'><strong>-</strong></span> <span class='ocrx_word' id='word_1_269' title='bbox 2212 2489 2215 2491; x_wconf 53' lang='grc'>“</span> 
     </span>
    </p>
   </div>
   <div class='ocr_carea' id='block_1_7' title="bbox 311 2546 2085 2868">
    <p class='ocr_par' dir='ltr' id='par_1_7' title="bbox 585 2546 1248 2596">
     <span class='ocr_line' id='line_1_35' title="bbox 585 2546 1248 2596; baseline -0.005 -11"><span class='ocrx_word' id='word_1_270' title='bbox 585 2547 649 2594; x_wconf 84' lang='grc'>25,</span> <span class='ocrx_word' id='word_1_271' title='bbox 679 2547 798 2585; x_wconf 91' lang='lat' dir='ltr'>nimis</span> <span class='ocrx_word' id='word_1_272' title='bbox 829 2546 996 2596; x_wconf 84' lang='lat' dir='ltr'>grandia</span> <span class='ocrx_word' id='word_1_273' title='bbox 1026 2549 1248 2583; x_wconf 87' lang='lat' dir='ltr'>evaserunt.</span> 
     </span>
    </p>

    <p class='ocr_par' dir='ltr' id='par_1_8' title="bbox 311 2611 2085 2868">
     <span class='ocr_line' id='line_1_36' title="bbox 420 2611 2084 2665; baseline -0.004 -11"><span class='ocrx_word' id='word_1_274' title='bbox 420 2615 597 2655; x_wconf 90' lang='lat' dir='ltr'>Nomina</span> <span class='ocrx_word' id='word_1_275' title='bbox 625 2620 707 2653; x_wconf 83' lang='lat' dir='ltr'>tam</span> <span class='ocrx_word' id='word_1_276' title='bbox 735 2623 995 2665; x_wconf 84' lang='lat' dir='ltr'>patronorum</span> <span class='ocrx_word' id='word_1_277' title='bbox 1035 2627 1153 2664; x_wconf 89' lang='lat' dir='ltr'>quam</span> <span class='ocrx_word' id='word_1_278' title='bbox 1192 2613 1390 2651; x_wconf 87' lang='lat' dir='ltr'>sodalium</span> <span class='ocrx_word' id='word_1_279' title='bbox 1427 2613 1469 2650; x_wconf 90' lang='lat' dir='ltr'>in</span> <span class='ocrx_word' id='word_1_280' title='bbox 1505 2612 1689 2650; x_wconf 89' lang='lat' dir='ltr'>laterculi</span> <span class='ocrx_word' id='word_1_281' title='bbox 1725 2611 1892 2649; x_wconf 89' lang='lat' dir='ltr'>formam</span> <span class='ocrx_word' id='word_1_282' title='bbox 1921 2611 2084 2649; x_wconf 86' lang='lat' dir='ltr'>redacta</span> 
     </span>
     <span class='ocr_line' id='line_1_37' title="bbox 315 2679 2084 2732; baseline -0.004 -9"><span class='ocrx_word' id='word_1_283' title='bbox 315 2690 420 2732; x_wconf 86' lang='lat' dir='ltr'>sunt,</span> <span class='ocrx_word' id='word_1_284' title='bbox 457 2685 513 2722; x_wconf 85' lang='lat' dir='ltr'>ita</span> <span class='ocrx_word' id='word_1_285' title='bbox 541 2690 584 2721; x_wconf 89' lang='lat' dir='ltr'>ut</span> <span class='ocrx_word' id='word_1_286' title='bbox 613 2697 676 2721; x_wconf 87' lang='lat' dir='ltr'>vv.</span> <span class='ocrx_word' id='word_1_287' title='bbox 702 2683 833 2720; x_wconf 87' lang='lat'>7—11</span> <span class='ocrx_word' id='word_1_288' title='bbox 867 2683 1027 2720; x_wconf 87' lang='lat' dir='ltr'>nomina</span> <span class='ocrx_word' id='word_1_289' title='bbox 1056 2687 1314 2731; x_wconf 86' lang='lat' dir='ltr'>patronorum</span> <span class='ocrx_word' id='word_1_290' title='bbox 1344 2682 1523 2726; x_wconf 84' lang='lat' dir='ltr'>alteram,</span> <span class='ocrx_word' id='word_1_291' title='bbox 1554 2679 1792 2730; x_wconf 89' lang='lat' dir='ltr'>cognomina</span> <span class='ocrx_word' id='word_1_292' title='bbox 1822 2680 1989 2718; x_wconf 87' lang='lat' dir='ltr'>alteram</span> <span class='ocrx_word' id='word_1_293' title='bbox 2019 2691 2084 2716; x_wconf 90' lang='lat' dir='ltr'>co-</span> 
     </span>
     <span class='ocr_line' id='line_1_38' title="bbox 312 2748 2085 2798; baseline -0.003 -8"><span class='ocrx_word' id='word_1_294' title='bbox 312 2753 489 2790; x_wconf 91' lang='lat' dir='ltr'>lumnam</span> <span class='ocrx_word' id='word_1_295' title='bbox 519 2752 711 2797; x_wconf 84' lang='lat' dir='ltr'>efficiant3</span> <span class='ocrx_word' id='word_1_296' title='bbox 750 2751 868 2788; x_wconf 87' lang='lat' dir='ltr'>tertia</span> <span class='ocrx_word' id='word_1_297' title='bbox 905 2750 1002 2788; x_wconf 88' lang='lat' dir='ltr'>solis</span> <span class='ocrx_word' id='word_1_298' title='bbox 1039 2750 1242 2787; x_wconf 80' lang='lat' dir='ltr'>vocabulis</span> <span class='ocrx_word' id='word_1_299' title='bbox 1274 2755 1438 2798; x_wconf 82' lang='lat' dir='ltr'>patrone</span> <span class='ocrx_word' id='word_1_300' title='bbox 1467 2756 1592 2786; x_wconf 79' lang='lat' dir='ltr'>nostre</span> <span class='ocrx_word' id='word_1_301' title='bbox 1621 2753 1781 2786; x_wconf 84' lang='lat' dir='ltr'>constat</span> <span class='ocrx_word' id='word_1_302' title='bbox 1815 2748 1864 2785; x_wconf 85' lang='lat' dir='ltr'>ad</span> <span class='ocrx_word' id='word_1_303' title='bbox 1893 2752 2085 2798; x_wconf 83' lang='lat' dir='ltr'>patronae</span> 
     </span>
     <span class='ocr_line' id='line_1_39' title="bbox 311 2815 2085 2868; baseline -0.003 -10"><span class='ocrx_word' id='word_1_304' title='bbox 311 2821 430 2859; x_wconf 88' lang='lat' dir='ltr'>unius</span> <span class='ocrx_word' id='word_1_305' title='bbox 467 2820 629 2859; x_wconf 89' lang='lat' dir='ltr'>nomina</span> <span class='ocrx_word' id='word_1_306' title='bbox 664 2819 849 2865; x_wconf 68' lang='lat' dir='ltr'>adiectis,</span> <span class='ocrx_word' id='word_1_307' title='bbox 900 2819 994 2868; x_wconf 86' lang='lat' dir='ltr'>quia</span> <span class='ocrx_word' id='word_1_308' title='bbox 1040 2817 1197 2866; x_wconf 87' lang='lat' dir='ltr'>patroni</span> <span class='ocrx_word' id='word_1_309' title='bbox 1232 2817 1311 2854; x_wconf 86' lang='lat' dir='ltr'>iam</span> <span class='ocrx_word' id='word_1_310' title='bbox 1348 2829 1469 2866; x_wconf 87' lang='lat' dir='ltr'>supra</span> <span class='ocrx_word' id='word_1_311' title='bbox 1512 2817 1553 2854; x_wconf 90' lang='lat' dir='ltr'>in</span> <span class='ocrx_word' id='word_1_312' title='bbox 1588 2816 1900 2866; x_wconf 82' lang='lat' dir='ltr'>praescriptione</span> <span class='ocrx_word' id='word_1_313' title='bbox 1937 2815 2085 2854; x_wconf 82' lang='lat' dir='ltr'>diserte</span> 
     </span>
    </p>
   </div>
   <div class='ocr_carea' id='block_1_8' title="bbox 311 2884 2158 2940">
    <p class='ocr_par' dir='ltr' id='par_1_9' title="bbox 311 2879 2208 2944">
     <span class='ocr_line' id='line_1_40' title="bbox 311 2884 2158 2940; baseline -0.003 -13"><span class='ocrx_word' id='word_1_314' title='bbox 311 2889 503 2940; x_wconf 89' lang='lat' dir='ltr'>appellati</span> <span class='ocrx_word' id='word_1_315' title='bbox 534 2894 625 2926; x_wconf 88' lang='lat' dir='ltr'>sunt</span> <span class='ocrx_word' id='word_1_316' title='bbox 663 2890 823 2937; x_wconf 76' lang='lat' dir='ltr'>patroni</span> <span class='ocrx_word' id='word_1_317' title='bbox 851 2888 1114 2924; x_wconf 74' lang='lat' dir='ltr'>merentissimi</span> <span class='ocrx_word' id='word_1_318' title='bbox 1162 2892 1196 2923; x_wconf 82' lang='lat' dir='ltr'>et</span> <span class='ocrx_word' id='word_1_319' title='bbox 1213 2884 1472 2934; x_wconf 77' lang='lat' dir='ltr'>fe(lz&#39;cissz&#39;mi)</span> <span class='ocrx_word' id='word_1_320' title='bbox 1517 2892 1548 2923; x_wconf 85' lang='lat' dir='ltr'>et</span> <span class='ocrx_word' id='word_1_321' title='bbox 1580 2885 1877 2934; x_wconf 75' lang='lat' dir='ltr'>prestantissimi</span> <span class='ocrx_word' id='word_1_322' title='bbox 1914 2890 1949 2922; x_wconf 83' lang='lat' dir='ltr'>et</span> <span class='ocrx_word' id='word_1_323' title='bbox 1977 2885 2085 2933; x_wconf 79' lang='lat' dir='ltr'>pien—</span> <span class='ocrx_word' id='word_1_324' title='bbox 2155 2899 2158 2901; x_wconf 49' lang='lat'>&gt;</span> 
     </span>
    </p>
   </div>
   <div class='ocr_carea' id='block_1_9' title="bbox 308 2951 2086 3139">
    <p class='ocr_par' dir='ltr' id='par_1_10' title="bbox 308 2951 2086 3139">
     <span class='ocr_line' id='line_1_41' title="bbox 310 2951 2086 3003; baseline -0.003 -8"><span class='ocrx_word' id='word_1_325' title='bbox 310 2960 461 2995; x_wconf 78' lang='lat' dir='ltr'>tissimi.</span> <span class='ocrx_word' id='word_1_326' title='bbox 523 2955 708 2995; x_wconf 88' lang='lat' dir='ltr'>Ceterum</span> <span class='ocrx_word' id='word_1_327' title='bbox 739 2956 911 2993; x_wconf 85' lang='lat' dir='ltr'>observa</span> <span class='ocrx_word' id='word_1_328' title='bbox 939 2968 977 2993; x_wconf 86' lang='lat' dir='ltr'>v.</span> <span class='ocrx_word' id='word_1_329' title='bbox 1001 2954 1023 2992; x_wconf 87' lang='lat'>9</span> <span class='ocrx_word' id='word_1_330' title='bbox 1045 2954 1175 2992; x_wconf 76' lang='lat' dir='ltr'>Pressi</span> <span class='ocrx_word' id='word_1_331' title='bbox 1204 2966 1422 3003; x_wconf 88' lang='lat' dir='ltr'>cognomen</span> <span class='ocrx_word' id='word_1_332' title='bbox 1452 2953 1549 2990; x_wconf 91' lang='lat' dir='ltr'>mihi</span> <span class='ocrx_word' id='word_1_333' title='bbox 1577 2965 1746 2998; x_wconf 82' lang='lat' dir='ltr'>novum3</span> <span class='ocrx_word' id='word_1_334' title='bbox 1777 2951 2086 3002; x_wconf 85' lang='lat' dir='ltr'>comparandum</span> 
     </span>
     <span class='ocr_line' id='line_1_42' title="bbox 311 3019 2085 3072; baseline -0.003 -9"><span class='ocrx_word' id='word_1_335' title='bbox 311 3025 414 3063; x_wconf 86' lang='lat' dir='ltr'>illud</span> <span class='ocrx_word' id='word_1_336' title='bbox 444 3038 532 3063; x_wconf 91' lang='lat' dir='ltr'>cum</span> <span class='ocrx_word' id='word_1_337' title='bbox 563 3023 757 3063; x_wconf 89' lang='lat' dir='ltr'>Concessi</span> <span class='ocrx_word' id='word_1_338' title='bbox 787 3023 926 3061; x_wconf 86' lang='lat' dir='ltr'>Habiti</span> <span class='ocrx_word' id='word_1_339' title='bbox 947 3022 1079 3060; x_wconf 85' lang='lat' dir='ltr'>Taciti</span> <span class='ocrx_word' id='word_1_340' title='bbox 1109 3026 1148 3060; x_wconf 86' lang='lat' dir='ltr'>et</span> <span class='ocrx_word' id='word_1_341' title='bbox 1178 3021 1267 3058; x_wconf 85' lang='lat' dir='ltr'>aliis</span> <span class='ocrx_word' id='word_1_342' title='bbox 1289 3021 1525 3070; x_wconf 84' lang='lat' dir='ltr'>quibusdam</span> <span class='ocrx_word' id='word_1_343' title='bbox 1555 3021 1640 3059; x_wconf 93' lang='lat' dir='ltr'>eius</span> <span class='ocrx_word' id='word_1_344' title='bbox 1661 3021 1818 3072; x_wconf 84' lang='lat' dir='ltr'>generis</span> <span class='ocrx_word' id='word_1_345' title='bbox 1847 3021 1942 3059; x_wconf 86' lang='lat' dir='ltr'>item</span> <span class='ocrx_word' id='word_1_346' title='bbox 1971 3019 2085 3057; x_wconf 83' lang='lat' dir='ltr'>raris.</span> 
     </span>
     <span class='ocr_line' id='line_1_43' title="bbox 308 3086 2086 3139; baseline -0.003 -8"><span class='ocrx_word' id='word_1_347' title='bbox 308 3094 386 3131; x_wconf 88' lang='lat' dir='ltr'>Vv.</span> <span class='ocrx_word' id='word_1_348' title='bbox 430 3092 589 3130; x_wconf 88' lang='lat'>12-26</span> <span class='ocrx_word' id='word_1_349' title='bbox 657 3098 844 3131; x_wconf 87' lang='lat' dir='ltr'>secuntur</span> <span class='ocrx_word' id='word_1_350' title='bbox 901 3090 1096 3129; x_wconf 86' lang='lat' dir='ltr'>sodalium</span> <span class='ocrx_word' id='word_1_351' title='bbox 1147 3089 1370 3139; x_wconf 90' lang='lat' dir='ltr'>quindecim</span> <span class='ocrx_word' id='word_1_352' title='bbox 1434 3089 1596 3127; x_wconf 89' lang='lat' dir='ltr'>nomina</span> <span class='ocrx_word' id='word_1_353' title='bbox 1645 3089 1841 3139; x_wconf 87' lang='lat' dir='ltr'>disposita</span> <span class='ocrx_word' id='word_1_354' title='bbox 1895 3086 2086 3126; x_wconf 83' lang='lat' dir='ltr'>columnis</span> 
     </span>
    </p>
   </div>
   <div class='ocr_carea' id='block_1_10' title="bbox 454 3304 2086 3351">
    <p class='ocr_par' dir='ltr' id='par_1_11' title="bbox 454 3304 2086 3351">
     <span class='ocr_line' id='line_1_44' title="bbox 454 3304 2086 3351; baseline -0.004 -8"><span class='ocrx_word' id='word_1_355' title='bbox 454 3311 482 3351; x_wconf 89' lang='lat'>¹)</span> <span class='ocrx_word' id='word_1_356' title='bbox 535 3312 611 3343; x_wconf 84' lang='lat' dir='ltr'>Nisi</span> <span class='ocrx_word' id='word_1_357' title='bbox 655 3312 691 3342; x_wconf 93' lang='lat' dir='ltr'>in</span> <span class='ocrx_word' id='word_1_358' title='bbox 735 3319 855 3346; x_wconf 75' lang='lat' dir='ltr'>ET-FE</span> <span class='ocrx_word' id='word_1_359' title='bbox 882 3314 1046 3351; x_wconf 79' lang='lat' dir='ltr'>patronae</span> <span class='ocrx_word' id='word_1_360' title='bbox 1073 3309 1172 3340; x_wconf 89' lang='lat' dir='ltr'>unius</span> <span class='ocrx_word' id='word_1_361' title='bbox 1194 3307 1345 3339; x_wconf 85' lang='lat' dir='ltr'>mulieris</span> <span class='ocrx_word' id='word_1_362' title='bbox 1372 3308 1500 3339; x_wconf 88' lang='lat' dir='ltr'>ment-io</span> <span class='ocrx_word' id='word_1_363' title='bbox 1521 3307 1689 3349; x_wconf 82' lang='lat' dir='ltr'>quaedam</span> <span class='ocrx_word' id='word_1_364' title='bbox 1713 3307 1795 3339; x_wconf 83' lang='lat' dir='ltr'>latet</span> <span class='ocrx_word' id='word_1_365' title='bbox 1821 3305 1942 3338; x_wconf 82' lang='lat' dir='ltr'>inscite</span> <span class='ocrx_word' id='word_1_366' title='bbox 1967 3304 2086 3336; x_wconf 80' lang='lat' dir='ltr'>addita</span> 
     </span>
    </p>
   </div>
   <div class='ocr_carea' id='block_1_11' title="bbox 312 3373 1002 3415">
    <p class='ocr_par' dir='ltr' id='par_1_12' title="bbox 312 3373 1002 3415">
     <span class='ocr_line' id='line_1_45' title="bbox 312 3373 1002 3415; baseline -0.001 -10"><span class='ocrx_word' id='word_1_367' title='bbox 312 3374 353 3405; x_wconf 81' lang='lat' dir='ltr'>ab</span> <span class='ocrx_word' id='word_1_368' title='bbox 387 3383 428 3405; x_wconf 80' lang='lat' dir='ltr'>eo</span> <span class='ocrx_word' id='word_1_369' title='bbox 457 3374 513 3415; x_wconf 84' lang='lat' dir='ltr'>qui</span> <span class='ocrx_word' id='word_1_370' title='bbox 541 3375 675 3406; x_wconf 85' lang='lat' dir='ltr'>titulum</span> <span class='ocrx_word' id='word_1_371' title='bbox 706 3374 741 3405; x_wconf 90' lang='lat' dir='ltr'>in</span> <span class='ocrx_word' id='word_1_372' title='bbox 767 3384 845 3405; x_wconf 84' lang='lat' dir='ltr'>aere</span> <span class='ocrx_word' id='word_1_373' title='bbox 871 3373 1002 3404; x_wconf 75' lang='lat' dir='ltr'>incidit.</span> 
     </span>
    </p>
   </div>
   <div class='ocr_carea' id='block_1_12' title="bbox 2187 2646 2222 3005">
    <p class='ocr_par' dir='ltr' id='par_1_13' title="bbox 2187 2646 2222 3005">
     <span class='ocr_line' id='line_1_46' title="bbox 2187 2646 2222 3005; baseline 0 589"><span class='ocrx_word' id='word_1_374' title='bbox 2187 2646 2222 3005; x_wconf 95' lang='lat' dir='ltr'> </span> 
     </span>
    </p>
   </div>
  </div>
 </body>
</html>
