2222 3594
337 240 431 286 272
763 260 773 267 1¹
1074 254 1344 289 WILMANNS

335 370 529 407 mercatui
573 368 773 407 destinata
815 373 902 407 erat
945 373 1064 420 atque
1106 371 1261 422 lapides
1307 376 1399 409 ante
1435 383 1523 410 eam
1560 371 1731 422 dispersi
1772 371 2106 422 fundamentaque

335 449 462 486 parva
490 449 658 486 quorum
688 437 860 488 vestigia
896 438 961 476 hic
996 438 1080 477 illic
1110 439 1299 490 distingui
1328 445 1499 489 possunt
1527 446 1638 478 erant
1667 440 1920 478 tabernarum
1949 441 1990 478 in
2020 440 2107 491 qui-

334 505 408 543 bus
437 505 684 555 negotiantes
723 517 873 543 merces
910 507 1070 544 venales
1108 508 1350 558 emptoribus
1380 508 1656 558 proponebant
1683 508 1890 558 pretiaque
1919 507 2108 546 frumenti

336 578 375 610 et
405 574 635 612 animalium
667 578 887 624 emptorum
918 574 1169 613 venditorum
1200 575 1472 614 solvebantur:
1503 581 1546 613 ut
1575 575 1737 614 decurio
1768 575 1926 626 quidam
1946 576 2108 615 Mursae
2157 587 2167 598 ⁸

335 641 379 678 ob
410 641 584 680 honorem
603 643 831 692 flaminatus
862 644 1040 681 tabernas
1070 645 1346 693 quinquaqinta
1377 657 1457 682 cum
1481 644 1693 694 porticibus
1724 644 1938 693 duplicibus
1964 647 2005 682 in
2023 646 2106 694 qui-

337 709 408 748 bus
437 717 621 749 mercatus
652 710 879 760 aqeretur1)
911 711 1145 749 aedificavit.

443 778 547 817 Post
583 784 771 829 quattuor
805 779 926 817 horas
963 785 1003 817 et
1041 780 1287 830 praescripta
1324 793 1507 831 magnam
1551 787 1702 830 partem
1739 792 2003 830 versuumque
2042 791 2104 819 se-

334 847 537 895 quentium
566 847 783 897 particulas
814 847 965 896 aliquot
993 847 1166 898 legeram
1197 853 1236 885 et
1265 860 1352 886 cum
1376 847 1620 887 Gueriniano
1649 848 1832 898 exemplo
1859 848 2100 887 contuleram

332 927 472 953 versus
502 921 740 966 postremOS,
771 916 839 964 qui
869 928 958 953 cum
988 921 1093 953 terra
1121 916 1215 953 tecti
1246 916 1325 954 sint
1353 924 1432 954 tam
1462 917 1562 955 bene
1592 917 1814 955 conservati
1841 922 1933 954 sunt
1960 921 2004 954 ut
2033 927 2102 954 eos

332 982 418 1020 heri
447 977 595 1021 incisos
626 995 717 1022 esse
745 983 914 1021 dixeris:
946 989 1028 1021 tum
1050 984 1236 1022 continuo
1266 985 1402 1022 labore
1432 985 1610 1035 solisque
1639 985 1846 1023 meridiani
1875 984 1998 1023 radiis
2026 983 2102 1023 fes—

333 1061 402 1088 sus
442 1050 578 1089 destiti
615 1056 655 1088 et
695 1058 836 1101 ectypo
875 1051 980 1089 facto
1019 1052 1152 1107 ruinas
1190 1052 1511 1091 circumiacentes
1549 1066 1777 1103 percurrere
1807 1053 1932 1103 coepi.
1997 1044 2103 1091 Ecce

334 1118 436 1156 alius
458 1119 556 1157 mihi
578 1120 742 1157 offertur
771 1120 876 1170 lapis
905 1120 940 1157 ei
961 1132 1079 1169 quem
1109 1120 1227 1158 modo
1257 1121 1496 1170 reliqueram
1528 1121 1754 1160 simillimus
1783 1121 1853 1160 sed
1874 1121 2003 1159 minus
2022 1120 2102 1159 alte

331 1199 382 1224 ex
421 1192 527 1225 terra
562 1188 811 1237 prominens:
858 1194 942 1226 erat
977 1188 1086 1226 aliud
1122 1189 1299 1226 eiusdem
1340 1189 1443 1227 tituli
1479 1190 1718 1240 exemplum.
1774 1188 1924 1228 Versus
1959 1201 2126 1227 novem>

331 1255 487 1304 priores
517 1256 556 1293 in
590 1269 636 1293 eo
667 1256 786 1294 etiam
817 1257 945 1306 magis
975 1262 1232 1304 evanuerunt,
1263 1270 1350 1294 cum
1372 1257 1426 1294 ibi
1450 1257 1598 1307 lapidis
1629 1257 2102 1308 superficiesvmaximam

329 1329 484 1373 partem
508 1323 669 1362 omnino
686 1336 809 1362 exesa
825 1325 887 1372 sit,
912 1324 982 1362 sed
1002 1325 1044 1362 in
1064 1325 1219 1374 reliqua
1241 1325 1500 1374 inscriptione
1521 1331 1608 1363 -tota
1627 1339 1676 1364 ne
1695 1339 1775 1364 una
1789 1325 1946 1383 quidem
1965 1325 2098 1363 littera

329 1391 529 1430 invenitur
549 1392 598 1429 de
619 1393 732 1430 cuius
753 1393 924 1431 lectione
945 1392 1118 1431 dubitari
1137 1393 1278 1443 possit.
1325 1393 1372 1431 In
1392 1393 1517 1431 altero
1538 1394 1614 1432 hoc
1633 1394 1766 1443 lapide
1786 1393 2010 1432 effodiendo
2031 1394 2100 1432 ab·

327 1459 472 1498 luendo
502 1460 711 1511 purgando
742 1460 1001 1499 describendo
1031 1461 1201 1521 denique
1231 1461 1349 1500 huius
1380 1473 1538 1512 quoque
1565 1467 1707 1512 ectypo
1727 1461 1909 1500 faciendo
1933 1461 2011 1499 diei
2030 1461 2101 1499 ho·

329 1530 406 1565 raex
427 1540 530 1578 quae
561 1534 796 1579 supererant
825 1534 1084 1579 consumptae
1115 1535 1218 1576 sunt,
1248 1542 1376 1579 neque
1406 1530 1534 1568 denuo
1565 1530 1614 1568 ad
1644 1530 1871 1580 exemplum
1893 1529 2102 1570 Guerinia-
2143 1546 2215 1570 μς

328 1610 421 1634 num
450 1598 597 1636 reverti
626 1603 833 1648 potueram
860 1598 1004 1645 locum,
1035 1598 1102 1635 ubi
1122 1604 1275 1636 noctem
1298 1611 1469 1649 agerem,
1501 1611 1689 1648 quaerere
1710 1605 1880 1638 coactus.
1926 1598 2100 1650 Repperi

328 1677 418 1702 eum
447 1665 487 1703 in
517 1667 689 1704 tentorio
720 1666 979 1716 spurcissimo
1009 1666 1203 1704 collocato
1233 1667 1306 1705 sub
1336 1667 1441 1716 pinis
1470 1667 1687 1706 humilibus
1718 1667 1845 1706 saltus
1866 1667 2100 1718 Beguensis,
2160 1675 2174 1701 ἰ.

327 1733 395 1782 qui
425 1734 541 1772 hodie
562 1733 744 1785 Changet
764 1735 920 1772 Msahel
950 1734 1104 1780 dicitur,
1133 1734 1235 1784 apud
1266 1735 1376 1783 ipsos
1407 1735 1549 1785 opinor
1568 1735 1896 1774 Musulamiorum
1924 1740 2099 1785 veterum

326 1807 522 1851 posteros.
582 1802 688 1841 Nam
732 1803 827 1840 mihi
869 1802 1027 1852 quidem
1073 1809 1230 1840 constat
1267 1808 1422 1852 gentem
1459 1803 1575 1840 hodie
1610 1802 1715 1841 Uled
1746 1802 1896 1842 Omran
1941 1802 2098 1850 dietam}
2156 1806 2179 1858 ,ᾖ

330 1882 433 1919 quae
468 1871 672 1920 planitiem
709 1871 818 1909 illam
855 1871 1061 1921 saltusque
1096 1871 1252 1916 incolit,
1291 1883 1378 1908 cum
1414 1871 1514 1908 facie
1552 1877 1713 1921 totoque
1750 1871 1928 1921 corporis
1958 1870 2099 1909 habitu
2165 1874 2176 1917 j

327 1950 568 1988 magnopere
590 1939 747 1977 differat
767 1940 815 1977 ab
836 1939 1018 1989 gentibus
1039 1939 1182 1976 circum
1203 1939 1487 1986 habitantibus,
1509 1939 1814 1989 haudquaquam
1830 1940 1986 1978 Arabes
2008 1950 2098 1977 esse

326 2018 487 2056 genere:
532 2007 842 2058 inimicitiaeque
871 2007 965 2044 illae
1003 2012 1040 2044 et
1079 2007 1289 2044 latrocinia
1327 2007 1471 2056 quibus
1507 2013 1598 2057 post
1633 2007 1836 2045 hominum
1866 1998 2114 2046 memoriam*

325 2074 442 2124 longe
471 2075 630 2125 lateque
658 2076 843 2126 regiones
873 2075 1061 2112 finitimas
1092 2075 1281 2113 infestant
1309 2075 1442 2113 nescio
1478 2087 1527 2112 an
1558 2088 1609 2113 ex
1637 2075 1777 2126 primis
1807 2075 1963 2126 imperii
1992 2076 2095 2112 Ara·

325 2142 405 2180 bici
434 2143 678 2193 temporibus
712 2144 895 2194 ipsisque
932 2148 1107 2181 veterum
1142 2143 1359 2181 incolarum
1391 2149 1529 2181 contra
1565 2155 1691 2181 novos
1723 2143 1904 2181 dominos
1934 2142 2096 2198 dimica·
2155 2131 2175 2187 ’
2206 2192 2209 2197 ¹

325 2210 500 2249 tionibus
532 2211 726 2260 originem
756 2213 912 2250 ducant.
986 2211 1178 2249 Fortasse
1214 2211 1335 2261 igitur
1363 2217 1516 2250 montes
1546 2223 1623 2249 non
1654 2211 1816 2250 nomina
1844 2215 1998 2249 tantum
2027 2224 2094 2250 an·
2156 2202 2171 2252 ,Ῐ
2205 2240 2210 2259 5

325 2278 504 2328 tiqua2)‚
535 2279 604 2317 sed
633 2280 752 2317 etiam
783 2280 964 2317 homines
996 2284 1215 2317 servarunt.

435 2347 482 2385 In
518 2348 688 2396 patriam
731 2360 914 2386 reversus
954 2360 1055 2397 quae
1092 2348 1134 2385 in
1170 2361 1212 2385 re
1247 2348 1447 2398 praesenti
1485 2347 1774 2397 descripseram
1813 2359 1970 2386 summa.
2000 2359 2095 2386 cura

326 2415 475 2453 contuli
510 2428 598 2453 cum
634 2416 787 2466 ectypis
825 2417 924 2453 meis
961 2415 1090 2465 plenis
1127 2416 1395 2465 confectisque
1432 2421 1549 2465 atque
1586 2428 1637 2453 ex
1672 2415 1723 2453 iis
1753 2415 1955 2466 supplevi,
1992 2427 2094 2465 quae
2126 2406 2159 2414 '⁴

327 2484 369 2521 in
398 2483 539 2521 Africa
574 2484 765 2533 temporis
802 2484 998 2535 angustiis
1038 2495 1203 2534 pressus
1238 2483 1370 2534 legere
1404 2497 1484 2522 non
1514 2489 1742 2534 potueram:
1782 2495 1883 2534 quae
1916 2483 1974 2522 ita
2009 2483 2094 2522 erui
2122 2488 2142 2538 ’ᾗ

323 2550 427 2589 infra
454 2564 493 2601 p.
515 2551 554 2589 4.
577 2551 600 2590 5
630 2552 831 2601 proposui.
2152 2543 2166 2552 ²

427 2744 467 2794 ¹)'
497 2745 600 2787 Oorp.
630 2746 662 2778 3.
691 2746 796 2778 3288.

424 2817 457 2859 ²)
495 2819 647 2851 Nomina
680 2819 821 2861 antiqua
846 2817 1035 2860 Beguensis
1073 2818 1108 2858 (a
1132 2818 1267 2860 Begua,
1306 2823 1342 2850 ut
1367 2818 1514 2859 videtur)
1546 2822 1580 2851 et
1610 2819 1810 2851 Musulamii
1839 2819 1875 2850 in
1906 2817 2019 2860 Begar
2053 2820 2088 2850 et

322 2878 458 2911 Msahel
492 2889 656 2912 conversa
687 2885 774 2912 sunt.
826 2880 927 2912 Haud
952 2890 1062 2922 pauca
1087 2880 1255 2912 eiusmodi
1289 2881 1549 2912 conversionum
1577 2880 1735 2922 exempla
1759 2879 1880 2912 afferre
1906 2890 1983 2911 cum
2007 2889 2085 2921 pos-
2115 2894 2140 2926 ¹2

322 2941 398 2982 sim,
424 2951 530 2973 unum
555 2941 715 2974 sufficiat.
765 2941 876 2974 Notus
903 2942 999 2983 regni
1025 2941 1195 2974 Tunetani
1222 2951 1320 2973 mons
1346 2942 1504 2983 vieusque
1530 2941 1566 2973 in
1593 2951 1633 2973 eo
1659 2941 1741 2973 situs
1767 2937 1871 2974 hodie
1896 2927 2142 2990 appellum-f

322 3003 474 3035 Kissera.
535 3003 624 3035 Eum
659 3004 707 3035 ita
742 3003 956 3045 appellatum.
989 3012 1062 3035 esse
1099 3007 1283 3034 narrarunt
1315 3002 1398 3034 mihi
1436 3002 1588 3042 Arabes,
1636 3002 1717 3044 quia
1749 3002 1798 3034 ibi
1833 3002 2086 3035 Mohammetus
2115 2995 2145 3046 ⁴*ss

322 3064 422 3104 olim,
459 3075 535 3096 cum
560 3065 729 3096 exercitus
754 3065 1050 3096 Musulmanorum
1083 3064 1209 3096 bellum
1240 3073 1361 3105 gerens
1393 3068 1513 3095 contra
1543 3063 1698 3096 infideles
1732 3072 1858 3106 magna
1888 3063 1979 3096 fame
2010 3071 2085 3105 pre·-
2210 3074 2217 3082 ·

324 3129 487 3165 meretur,
515 3126 635 3167 viginti
667 3125 776 3158 millia
808 3126 987 3158 hominum
1012 3125 1154 3168 parvulo
1181 3125 1289 3157 frusto
1315 3125 1412 3166 panis
1444 3125 1652 3157 satiavisset:
1678 3122 1820 3157 Kissera
1846 3125 1937 3157 enim
1967 3123 2141 3174 Ιίῃςιιῦῥδᾷ

321 3186 460 3219 arabica
486 3190 537 3218 est
563 3186 711 3228 frustum
737 3186 880 3230 (panis).
942 3188 990 3219 At
1022 3197 1085 3229 ego
1118 3187 1154 3218 in
1184 3187 1259 3228 ipso
1286 3186 1345 3217 illo
1371 3187 1466 3226 vico,
1507 3186 1565 3228 qui
1591 3186 1713 3218 eodem
1737 3187 1814 3219 loeo
1840 3186 1923 3219 situs
1949 3189 2000 3218 est
2023 3182 2084 3216 ubi
2115 3179 2145 3210 s-

322 3247 405 3280 olim
431 3247 624 3281 Romanum
651 3248 815 3291 oppidum
840 3248 915 3288 fuit,
942 3248 1197 3290 inscriptionem
1222 3248 1367 3290 repperi,
1395 3248 1430 3280 in
1450 3257 1517 3290 qua
1533 3247 1570 3279 id
1589 3245 1734 3280 Chusira
1758 3251 1915 3280 vocatur:
1941 3247 2085 3289 apparet
2107 3255 2118 3281 ,ἢ

322 3318 447 3341 nomen
472 3308 676 3342 hodiernum
703 3309 881 3352 antiquum
907 3319 982 3342 esse
1008 3314 1215 3351 corruptum.
1256 3326 1258 3328 -
2137 3302 2139 3304 ’
