2222 3594
719 251 983 286 nmmum
1009 250 1254 285 mrnmon.
1768 237 1865 286 355

54 375 282 418 atur,
307 369 485 420 ιεΗςιιοε
511 379 660 416 omnes,
689 379 770 418 qua
796 374 858 406 est
885 367 1031 418 insigni
1060 366 1253 414 socordia,
1297 377 1372 405 suo
1414 365 1504 404 loco
1537 365 1686 406 relatos
1721 367 1863 406 nibilo—

51 441 232 488 *mnus
259 450 340 477 non
372 437 643 488 deprehendit.

153 507 221 547 Ex
249 510 436 558 quattuor
462 511 504 544 et
529 505 669 556 viginti
705 503 856 551 titulis,
891 514 995 554 quos
1033 516 1125 542 vere
1153 502 1434 553 DesJardinius
1470 502 1570 541 meis
1607 503 1780 552 addidit,
1816 518 1867 544 ne

37 566 56 581 “
58 585 203 621 unns
230 574 388 627 quidem
416 579 498 621 est,
526 585 644 624 quem
674 581 743 611 aut
770 578 925 611 constet
959 579 1028 611 aut
1056 572 1261 623 probabile
1290 574 1343 610 sit
1375 571 1502 610 fuisse
1530 571 1572 623 in
1600 583 1758 619 museo,
1786 585 1866 623 quo

94 650 275 697 tempore
302 654 377 694 ego
405 641 448 680 id
476 642 621 681 iterata
647 642 735 680 vice
764 640 1015 691 perlustravi.
1075 639 1196 689 Quod
1231 647 1362 678 autem
1400 640 1455 678 ait
1483 640 1602 677 homo
1632 652 1720 679 mea
1748 641 1867 692 culpa

23 710 240 761 &obesse
267 724 295 751 a
321 709 500 761 Corpore
543 709 680 749 titulos
723 713 764 748 in
793 721 973 748 museum
1016 708 1164 747 inlatos
1195 712 1298 746 inter
1325 708 1364 746 id
1400 714 1555 759 tempus
1583 716 1622 746 et
1651 709 1865 749 voluminis

94 781 323 827 editionem,
365 791 414 818 eo
455 778 587 828 arguit
614 789 659 816 se
701 779 742 816 in
770 778 882 816 hisce
910 777 1054 816 studiis
1083 777 1208 815 multo
1238 777 1366 827 magis
1396 784 1592 816 recentem
1623 789 1714 816 esse
1742 789 1863 827 qnam

34 832 186 918 fisum
213 849 313 899 ipse.
369 846 501 886 Velim
529 849 731 885 examinet
759 846 944 884 volumen
972 854 1228 895 numeretque
1258 857 1397 884 musea
1425 845 1466 883 in
1496 858 1544 884 eo
1573 845 1864 896 comprehensa

44 911 315 977 doceatque
341 914 499 962 deinde,
527 918 597 965 qni
616 915 719 953 effici
740 914 882 965 possit,
912 921 954 952 ut
973 921 1112 964 postea
1133 920 1293 964 reperta
1311 914 1582 964 undecumque
1602 914 1653 951 ad
1673 913 1864 952 editorem

36 986 234 1028 eodem
254 992 433 1037 tempore
452 995 578 1034 eoque
595 983 700 1022 iusto
720 982 949 1020 afferantur.
1007 981 1096 1033 Ego
1116 989 1213 1033 puto
1233 995 1295 1020 me
1314 981 1461 1020 fecisse
1481 982 1588 1033 quod
1608 982 1694 1020 fieri
1713 982 1862 1032 potuit3

53 1055 159 1096 bin
177 1067 355 1094 museum
374 1053 611 1092 Pestinense
631 1056 757 1090 totum
777 1051 940 1089 excussi
960 1051 1095 1100 itaque
1116 1062 1164 1088 eo
1183 1050 1360 1100 perveni,
1391 1057 1432 1088 ut
1461 1050 1599 1089 titulos
1629 1051 1800 1102 scriptos
1819 1051 1863 1090 in

20 1113 65 1172 {j-
86 1135 145 1164 >eo
162 1122 396 1163 adservatos
414 1121 466 1160 ad
485 1133 607 1160 unum
629 1131 768 1158 omnes
787 1119 975 1158 exhibere
996 1119 1194 1169 potuerim
1214 1132 1239 1156 a
1258 1131 1321 1157 me
1341 1118 1578 1168 descriptos.
1609 1118 1767 1158 Deinde
1785 1119 1862 1158 snb

11 1176 14 1177 ⁷
49 1176 50 1179 Ἴ
50 1191 212 1235 finem
240 1192 375 1243 operis
394 1190 610 1229 Romerum
628 1187 826 1226 hominem
855 1187 1214 1226 laboriosissimum
1239 1191 1279 1225 et
1304 1187 1586 1226 amicissimum
1605 1199 1678 1237 per
1703 1187 1861 1226 litteras

60 1259 247 1312 rogavi,
275 1266 319 1298 ut
346 1259 595 1298 submitteret
624 1269 728 1307 quae
757 1261 897 1306 parata
925 1256 1100 1302 haberet,
1129 1267 1312 1306 quaeque
1341 1256 1462 1303 misit,
1497 1269 1546 1294 ea
1574 1256 1615 1294 in
1643 1255 1862 1306 appendice

54 1327 226 1380 posui.
288 1326 369 1367 Sed
410 1327 516 1364 hanc
556 1337 667 1364 meae
710 1324 884 1362 incuriae
927 1323 1303 1363 demonstrationem
1350 1323 1469 1374 plane
1509 1323 1861 1373 Desjardinianam

87 1408 238 1435 numen
274 1396 374 1434 artis
402 1400 573 1440 nostrae,
618 1393 704 1431 sive
732 1391 917 1430 Tutelam
960 1392 1163 1430 titulorum
1208 1404 1293 1430 eam
1323 1391 1500 1430 dicemus
1543 1392 1627 1430 sive
1655 1391 1860 1440 Nemesin,

32 1479 49 1502 ·.·
88 1464 229 1504 atatim
258 1462 484 1503 vindicavit.
542 1460 702 1501 Scilicet
744 1460 870 1499 edidit
912 1473 1015 1498 anno
1056 1460 1158 1498 1873
1192 1462 1252 1498 vir
1294 1460 1434 1499 doctus
1463 1460 1674 1499 Parisinus
1717 1460 1857 1500 titulos

27 1537 65 1586 ³3³4
91 1545 173 1572 ιιοιι
200 1531 271 1584 qni
306 1537 388 1570 tum
417 1535 553 1570 essent
580 1529 621 1567 in
650 1540 788 1567 museo
817 1528 1056 1574 Pestinensi,
1099 1528 1172 1566 sed
1200 1528 1267 1578 qui
1310 1529 1366 1566 ibi
1409 1534 1544 1567 essent
1571 1541 1650 1579 quo
1678 1536 1859 1580 tempore

26 1603 60 1647 ᾖ»,
91 1600 180 1652 ipse
206 1600 364 1639 Pestini
390 1598 476 1646 fuit,
511 1597 704 1648 plurimos
733 1603 862 1635 autem
892 1602 932 1635 et
961 1597 1143 1647 egregios
1171 1596 1307 1635 titulos
1336 1596 1567 1647 appendicis
1595 1596 1858 1636 Romerianae

24 1683 59 1719 -s
76 1666 182 1721 (qui
208 1674 309 1719 quot
335 1667 427 1714 sint,
455 1666 534 1716 ipsi
562 1665 827 1703 numerandos
857 1665 1072 1715 relinquo),
1103 1672 1146 1703 ut
1174 1665 1302 1716 ipsius
1324 1665 1519 1703 vocabulo
1548 1671 1651 1711 utar,
1676 1663 1857 1713 ‘omisit’,

31 1729 70 1795 ξ
90 1739 329 1789 poteritque,
370 1735 407 1773 si
434 1734 579 1784 placet,
622 1733 787 1772 alterum
823 1733 915 1771 inde
949 1745 1028 1771 non
1053 1733 1184 1771 minus
1213 1733 1375 1771 uberem
1402 1732 1635 1771 fasciculum
1664 1734 1860 1774 conficere

34 1815 59 1854 js·-
89 1804 326 1854 insa-iptum
353 1802 587 1841 Desiderata
615 1802 680 1840 des
708 1802 951 1840 Desidet-ata.

145 1871 407 1912 Iusti-umenti
434 1869 640 1909 domestici
680 1869 815 1908 titulos
845 1868 935 1916 XL,
979 1881 1081 1919 quos
1126 1875 1170 1907 ut
1199 1868 1365 1920 Corpori
1410 1869 1574 1908 adderet
1599 1869 1859 1920 Desjardinio

33 1926 204 1986 felici
230 1939 381 1978 homini
409 1938 588 1988 contigit,
618 1950 699 1976 non
727 1949 944 1988 persequar
971 1938 1167 1976 similiter.
1226 1936 1331 1977 Sunt
1372 1939 1413 1976 in
1456 1938 1518 1976 his
1546 1937 1616 1976 alii
1645 1950 1772 1988 nuper
1798 1952 1858 1977 re-

37 2008 208 2060 ραι-15,
241 2007 312 2046 alii
338 2007 448 2058 iique
474 2006 595 2058 longe
623 2006 758 2056 plures
787 2006 827 2044 in
857 2003 1128 2045 ‘Desiderata‘
1157 2007 1253 2044 haec
1283 2006 1398 2044 relati
1434 2019 1581 2045 errore.
1637 2007 1695 2046 Ut
1721 2007 1857 2058 tegula

23 2064 135 2127 ἶιι.
159 2075 240 2115 273
268 2087 359 2114 mea
399 2081 461 2114 est
498 2073 618 2120 1629,
657 2073 706 2111 15
736 2087 759 2111 a
787 2074 1045 2123 Desjardinio
1086 2074 1190 2112 male
1234 2081 1421 2124 corrupta
1462 2087 1590 2126 neque
1620 2075 1775 2126 agnita;
1812 2082 1857 2113 ιιι

31 2126 41 2150 ’Ῑ
41 2143 254 2198 pondus
275 2156 315 2182 ιι.
335 2141 413 2182 241
461 2150 523 2181 est
563 2142 606 2180 in
636 2140 813 2193 Corpore
841 2156 877 2180 n.
902 2141 1017 2189 277³,
1048 2142 1154 2192 quod
1182 2154 1261 2180 non
1304 2143 1429 2181 miror
1470 2156 1561 2182 eum
1594 2144 1854 2194 ignoravisse,

42 2211 68 2222 “’
93 2211 165 2251 sed
190 2212 268 2250 hoc
295 2211 360 2250 vel
386 2211 428 2249 in
455 2211 532 2248 hoc
558 2211 717 2248 homine
736 2211 860 2248 miror
888 2210 1079 2249 eiusmodi
1100 2215 1321 2249 monstrum
1350 2223 1423 2260 pro
1452 2212 1626 2263 genuino
1646 2211 1853 2250 venditari.

47 2274 188 2318 Ποιι
221 2279 350 2330 magis
384 2278 581 2316 intellexit
612 2278 794 2328 imperite
821 2278 1030 2316 confictum
1060 2290 1147 2317 esse
1178 2279 1426 2329 signaculum
1454 2292 1493 2317 n.
1515 2278 1593 2316 247
1626 2289 1853 2317 KLAVMAES.

46 2345 276 2398 Uenique
302 2359 383 2385 non
411 2346 580 2385 attendit
608 2346 660 2383 ad
699 2346 740 2383 id
770 2347 876 2395 qnod
917 2347 1052 2384 monui
1094 2359 1133 2397 p.
1157 2347 1234 2385 743
1265 2347 1306 2384 in
1335 2347 1598 2385 instrumento
1636 2347 1854 2386 domestico

93 2415 301 2467 complura
334 2427 437 2465 quae
471 2414 639 2464 originis
674 2413 839 2452 Italicae
872 2414 938 2451 vel
982 2422 1086 2453 certe
1130 2428 1269 2465 parum
1313 2421 1441 2453 certae
1483 2427 1571 2453 esse
1615 2414 1853 2463 viderentur,

83 2483 305 2522 -uadidisse
333 2495 396 2520 me
423 2482 587 2532 collegis
617 2482 698 2520 alio
727 2482 814 2519 loco
844 2481 1013 2528 edenda3
1043 2489 1088 2520 ut
1115 2483 1184 2532 qui
1213 2482 1308 2520 talia
1336 2486 1376 2520 in
1397 2482 1647 2521 Desideratis
1671 2483 1852 2531 collocat,

93 2562 184 2590 mea
209 2563 291 2589 non
309 2551 493 2600 corrigat,
524 2549 595 2587 sed
614 2556 854 2598 corrumpat.
912 2549 1085 2588 Omnino
1115 2551 1269 2601 tegulas
1289 2558 1328 2588 et
1355 2551 1662 2589 instrumentum
1695 2551 1851 2590 univer·

95 2629 184 2656 sum
218 2617 493 2667 Desjardinius
536 2623 617 2655 tam
645 2617 865 2655 incredibili
900 2618 1150 2669 neglegentia
1192 2619 1387 2664 tractavit,
1432 2624 1476 2656 ut
1516 2620 1558 2657 in
1598 2620 1662 2657 his
1689 2619 1779 2670 ipse
1807 2631 1852 2658 se

94 2685 303 2736 superarit.
360 2684 469 2734 Quid
495 2686 601 2735 quod
636 2686 870 2723 necessitate
905 2692 1066 2724 coactus
1101 2687 1186 2735 ipse
1220 2686 1418 2725 Romerus
1453 2692 1578 2724 totum
1612 2687 1717 2725 hunc
1750 2694 1851 2726 trac-

26 2761 53 2797 ’ῃ
94 2757 221 2791 tatum
250 2753 393 2791 abiecit
419 2753 597 2803 haecque
631 2756 764 2791 omnia
792 2766 866 2791 suo
890 2754 1018 2791 Marte
1053 2766 1140 2791 cum
1166 2753 1244 2791 fide
1273 2760 1311 2791 et
1339 2754 1535 2792 industria
1562 2755 1691 2793 denuo
1718 2767 1854 2794 recen-

34 2829 49 2854 ΐ
94 2821 188 2860 suit.
243 2820 332 2871 Ego
360 2821 401 2858 in
430 2821 494 2857 his
524 2820 802 2858 additamentis
832 2822 941 2859 solas
970 2821 1126 2872 tegulas
1154 2827 1386 2872 persecutus
1420 2822 1503 2859 suis
1532 2822 1633 2860 locis
1667 2824 1851 2872 exposui,

27 2877 50 2943 ..ἒ
74 2887 376 2937 'Uesjardinins
404 2888 603 2937 quomodo
632 2900 701 2926 eas
731 2901 867 2927 omnes
897 2889 978 2926 fere
1006 2889 1109 2927 male
1136 2889 1277 2938 legerit
1305 2895 1345 2926 et
1371 2901 1557 2938 perverse
1584 2890 1816 2929 confuderit.

153 2955 218 2993 Ad
253 2956 466 2994 secundum
502 2955 679 2993 ordinem
714 2963 754 2994 et
789 2957 903 3006 siqua
938 2968 989 2993 ex
1025 2956 1142 2994 tertio
1171 2957 1249 2993 huc
1277 2957 1475 3006 pertinent
1501 2957 1704 2994 titulorum
1734 2970 1760 2994 a
1787 2970 1851 2996 me

18 3015 199 3069 ’ζ’-111816
228 3023 422 3060 editorum
451 3023 559 3072 quod
588 3023 739 3069 attinet,
770 3036 848 3061 non
876 3024 992 3073 pauci
1020 3024 1074 3061 ibi
1103 3023 1337 3069 referuntur,
1370 3035 1472 3073 quos
1501 3024 1598 3061 mihi
1627 3030 1744 3062 antea
1770 3037 1851 3063 non

69 3084 222 3143 Vvisos,
253 3091 322 3128 sed
351 3090 477 3128 editos
507 3089 558 3127 ad
586 3091 769 3139 exempla
798 3091 927 3128 aliena
956 3091 1046 3140 plus
1075 3091 1204 3129 minus
1234 3091 1465 3140 imperfecta
1493 3091 1771 3140 Desjardinius
1798 3106 1851 3131 ex

94 3157 323 3207 archetypis
352 3157 551 3206 pleniores
581 3163 620 3194 et
647 3158 932 3195 emendatiores
959 3161 1179 3207 proposuit.
1234 3159 1336 3196 Item
1374 3158 1415 3195 in
1444 3158 1571 3196 titulis
1599 3158 1847 3208 quibusdam,

94 3230 138 3262 ut
156 3237 236 3262 non
256 3224 383 3273 potuit
402 3236 482 3261 non
502 3224 598 3270 fieri,
614 3237 723 3262 meos
744 3237 898 3262 errores
918 3230 1021 3262 recte
1042 3225 1215 3262 evitavit.
1244 3226 1301 3262 At
1319 3238 1399 3263 non
1420 3225 1546 3262 solum
1566 3226 1606 3263 in
1625 3226 1739 3275 longe
1758 3227 1848 3276 plu·

50 3314 52 3319 ·
94 3292 207 3329 rimis
227 3292 436 3328 lectionem
464 3293 665 3330 erroribus
693 3292 937 3342 gravissimis
966 3292 1187 3341 inquinavit
1214 3299 1253 3330 et
1279 3299 1383 3330 recte
1412 3293 1541 3331 editos
1570 3305 1689 3344 saepe
1716 3293 1846 3332 denuo

93 3358 262 3405 vitiavit,
278 3358 347 3396 sed
362 3358 479 3396 etiam
496 3359 602 3396 mala
619 3358 755 3397 fraude
776 3359 909 3397 titulos
929 3360 1193 3408 interpolavit.
1223 3359 1271 3397 Id
1287 3360 1415 3398 adhuc
1435 3361 1665 3410 ignorabam
1679 3373 1848 3411 eumque
