2222 3594
324 202 420 295 ’ᾖς
655 259 865 300 QvAns'r.
892 258 1181 293 onoma-on.
1205 261 1240 293 1.
1766 246 1830 293 33

500 374 696 424 guendam
732 374 959 425 opinionem
987 374 1163 426 aliquam
1199 375 1249 413 ab
1278 374 1328 414 Ο.
1358 375 1521 414 Haubio
1549 388 1675 427 nuper
1701 375 1832 426 prola-

501 448 581 480 tam
609 443 650 480 in
678 442 961 482 dissertatione
989 442 1039 481 de
1068 443 1309 482 carminibus
1339 443 1463 494 epicis
1487 443 1638 482 saeculi
1656 443 1834 495 Augusti

499 509 734 560 (Vratislav'.
760 510 885 560 1870)
904 523 944 560 p.
965 511 1030 558 14,
1052 510 1207 549 scilicet
1225 523 1368 549 versus
1387 511 1528 550 Albini
1546 518 1689 563 poetae
1706 512 1833 562 ignoti

498 591 551 616 ex
585 591 718 616 rernm
752 578 1022 617 Romanarum
1060 579 1211 628 primo,
1251 591 1353 629 quos
1387 579 1622 618 Priscianus
1659 580 1835 618 servavit

498 646 557 694 (7,
588 647 636 692 5,
666 645 717 684 22
753 661 792 698 p.
821 647 921 694 304,
950 646 1004 685 20
1031 646 1127 696 H.)‚
1165 646 1421 685 Albinovano
1460 647 1692 686 tribuendos
1729 659 1833 686 esse.

498 713 656 752 Etenim
686 713 859 754 Ovidius
894 714 1005 753 solus
1039 715 1080 752 in
1116 715 1289 753 carmine
1324 721 1484 765 poetam
1513 716 1603 754 solo
1630 716 1834 767 gentilicio

498 782 690 833 appellat3
719 789 927 833 praeterea
953 795 1049 822 vero
1077 783 1226 834 ubique
1254 789 1323 821 aut
1351 790 1562 834 utrumque
1582 785 1747 834 ponitur
1764 796 1833 822 no·

497 862 609 898 men,
643 850 886 902 gentilicium
915 856 955 889 et
982 863 1220 903 cognomen,
1256 859 1325 889 ant
1354 863 1574 902 cognomen
1603 852 1753 900 solum,
1790 858 1836 890 nt

498 930 598 957 usus
618 919 811 970 postulat;
834 918 1080 970 gentilicium
1101 919 1231 958 solnm
1252 925 1458 970 praeterea
1477 931 1674 970 nusquam
1694 920 1835 970 depre-

499 986 695 1026 henditur.
746 986 825 1027 Gai
855 999 1108 1038 praenomen,
1138 987 1244 1038 quod
1273 988 1364 1026 inde
1393 1001 1418 1026 a
1448 987 1655 1039 Scaligero
1679 987 1834 1027 Pedoni

498 1054 699 1102 tribuitur,
729 1056 836 1094 omni
864 1055 943 1094 fide
971 1065 1091 1094 caret.

387 1122 488 1161 Mire
512 1135 609 1161 sane
634 1123 857 1170 accidisset,
884 1124 920 1162 si
946 1124 1103 1174 utrique
1122 1130 1263 1173 poetae
1284 1136 1503 1175 cognomen
1522 1124 1674 1175 duplex
1693 1125 1836 1163 fnisset

389 1190 454 1240 (id
490 1191 597 1241 quod
635 1203 862 1242 quanquam
897 1191 1096 1230 interdum
1132 1192 1211 1230 iam
1247 1194 1444 1242 reperitur
1480 1205 1528 1231 eo
1562 1198 1759 1243 tempore,
1794 1206 1833 1230 v.

389 1258 676 1298 Mommsenum
696 1259 871 1298 Hermae
892 1259 916 1298 2
946 1272 984 1310 p.
1011 1260 1143 1307 158s.,
1175 1266 1307 1298 tamen
1333 1261 1584 1299 rarissimum
1615 1261 1708 1310 est),
1739 1273 1834 1311 gen-

386 1326 458 1364 tile
486 1334 616 1366 autem
645 1328 850 1378 utriusque
879 1328 1115 1366 obrueretur
1144 1328 1355 1366 oblivione.
1409 1327 1561 1367 Contra
1590 1329 1721 1376 ambo,
1751 1335 1831 1367 tam

388 1393 536 1433 Celsus
556 1407 674 1446 qnam
688 1395 813 1442 Pedo,
830 1396 1105 1434 Albinovanae
1124 1396 1231 1446 genti
1248 1397 1408 1434 omnino
1425 1396 1691 1435 adscribendi.
1723 1395 1833 1434 Num

389 1462 532 1501 fratres
561 1463 710 1502 fuerint
737 1477 789 1502 an
817 1471 931 1515 pater
958 1469 998 1502 et
1027 1464 1135 1502 filius
1164 1464 1374 1502 diiudicari
1405 1466 1561 1515 nequit;
1590 1465 1662 1503 sed
1683 1472 1834 1503 utrum·

388 1542 467 1580 que
503 1531 588 1570 fieri
624 1532 765 1581 potuit.
821 1531 1035 1570 Parentela
1067 1532 1203 1582 aliqua
1232 1544 1301 1570 eos
1331 1532 1455 1571 fuisse
1484 1533 1716 1572 coniunctos
1746 1546 1833 1583 per-

389 1610 507 1648 quam
537 1599 745 1648 probabile
773 1605 845 1638 est.

389 1666 435 1704 P.
460 1666 722 1706 Albinovanus
751 1667 850 1706 nihil
878 1667 1049 1719 amplius
1079 1668 1269 1719 scriptum
1300 1668 1441 1707 litteris
1469 1669 1586 1708 bonis
1616 1670 1762 1720 legitur
1789 1670 1832 1707 in

500 1735 617 1773 titulo
646 1735 774 1773 musei
793 1735 977 1775 Vaticani
1007 1735 1137 1786 (Gall.
1168 1736 1246 1787 lap.
1276 1736 1415 1775 incert.
1444 1738 1498 1787 1),
1528 1750 1646 1788 quem
1676 1737 1833 1776 Henze·

500 1797 576 1841 nu's
606 1803 716 1842 vidit.
758 1803 807 1842 In
834 1804 962 1842 titulis
989 1804 1080 1843 aliis
1099 1804 1341 1843 Albinovani
1362 1818 1507 1844 nomen
1526 1805 1702 1844 nondum
1725 1818 1834 1844 com-

500 1871 647 1922 paruit,
676 1878 865 1922 quantum
894 1871 992 1910 scio.

390 1938 538 1986 Locus,
566 1939 694 1990 siquis
722 1939 798 1978 fuit
825 1940 1000 1987 omnino,
1030 1941 1134 1979 unde
1163 1951 1305 1980 nomen
1331 1942 1524 1993 originem
1545 1941 1672 1988 duxit,
1700 1947 1836 1992 potest

389 2007 517 2046 fuisse
544 2014 613 2046 aut
641 2007 746 2046 Alba
774 2021 879 2047 nova
907 2014 978 2046 aut
1003 2008 1165 2047 Albium
1195 2021 1342 2047 novum
1372 2010 1457 2048 sive
1487 2009 1740 2048 Albinovium
1772 2010 1834 2059 (ut

389 2075 691 2126 Albingaunum
726 2084 764 2115 et
799 2076 1163 2126 Albintemelinm);
1200 2077 1251 2115 ab
1288 2082 1456 2127 utroque
1491 2082 1599 2116 recte
1634 2077 1835 2116 derivatur

389 2143 678 2192 Albinovanus,
706 2151 750 2182 nt
777 2157 802 2183 a
831 2145 919 2183 vico
938 2144 1075 2183 Tusco
1094 2144 1385 2183 Tuscivicanus
1414 2158 1646 2197 cognomen,
1675 2143 1725 2182 de
1754 2157 1833 2194 qno

391 2210 544 2250 dicetur
570 2212 687 2251 infra.

389 2278 440 2318 L.
467 2280 642 2319 Anniam*
660 2280 818 2330 Sper-ati
844 2279 1064 2332 Luguduni
1093 2280 1280 2319 Boissieu
1309 2283 1554 2331 inscriptions
1583 2282 1759 2330 antiques
1788 2281 1835 2318 de

503 2348 615 2398 Lyon
644 2362 684 2400 p.
706 2347 800 2395 528,
823 2347 915 2387 124.

395 2415 438 2454 C.
466 2415 719 2466 Apscillarms
752 2415 796 2455 C.
827 2417 853 2455 l.
882 2416 969 2455 Ero

392 2483 435 2521 C.
465 2484 718 2534 Apscillanus
752 2485 792 2524 C.
824 2485 850 2522 l.
878 2485 992 2535 Rufio

394 2551 435 2590 C.
466 2552 717 2602 Apso-illarius
750 2553 790 2592 C.
822 2552 847 2590 l.
880 2552 1024 2591 Suavis

388 2614 624 2670 Apso-illanc
657 2619 700 2658 C.
732 2621 758 2658 l.
790 2620 966 2659 Secunda
996 2621 1130 2659 Allifis
1160 2622 1201 2658 in
1231 2619 1396 2659 Samnio
1427 2621 1460 2658 Ι.
1480 2620 1532 2659 N.
1556 2620 1676 2658 4789.

316 2688 318 2690 ’
443 2687 583 2726 Trium
612 2688 844 2727 libertorum
872 2690 1036 2727 nomina
1064 2690 1105 2727 in
1133 2689 1209 2726 hoc
1236 2689 1352 2727 titulo
1382 2689 1564 2738 genetivo
1594 2700 1690 2726 casu
1719 2688 1832 2725 exhi-

388 2755 543 2803 bentur,
577 2757 647 2806 qni
681 2763 815 2807 potest
849 2758 968 2795 etiam
1003 2757 1155 2795 formae
1190 2757 1231 2794 in
1260 2759 1373 2794 anius
1402 2768 1514 2803 esse;
1561 2756 1629 2793 sed
1666 2756 1831 2794 libertae

388 2835 533 2861 nomen
562 2830 756 2874 oportune
786 2825 963 2863 additum
991 2838 1074 2863 rem
1104 2825 1273 2863 conficit.

389 2889 487 2928 Loci
517 2904 660 2930 nomen
681 2893 867 2943 Apscilla
896 2893 959 2931 vel
989 2893 1119 2931 simile
1148 2899 1284 2931 notum
1314 2904 1392 2930 non
1423 2898 1503 2937 θεῖς
1534 2891 1602 2928 sed
1622 2890 1688 2940 Ap
1714 2891 1832 2942 radix

390 2959 431 2996 in
461 2959 682 3010 Appiornm
714 2961 875 2998 nomine
905 2959 1054 2999 Sabino
1083 2968 1200 3010 atque
1230 2961 1269 2998 in
1300 2960 1486 2998 derivatis
1517 2959 1638 2996 veluti
1670 2959 1832 3008 Apicius

390 3026 564 3076 Apusius
594 3027 796 3077 Apstidius
825 3027 966 3077 (Sorae
996 3028 1029 3065 Ι.
1056 3027 1110 3066 Ν.
1132 3028 1239 3066 9519
1270 3033 1371 3065 teste
1404 3025 1558 3072 Gudio)
1587 3030 1685 3063 nota
1710 3027 1830 3064 etiam

390 3094 432 3130 in
451 3094 629 3132 locorum
654 3095 879 3133 nominibus
900 3096 1064 3133 vetustis
1085 3095 1217 3145 Apina
1236 3095 1422 3133 Dauniae
1448 3094 1626 3142 (Plinius
1646 3094 1670 3130 3
1692 3093 1716 3143 ξ
1734 3094 1832 3144 104)

392 3161 547 3210 Δρὶοὶἰε
575 3163 626 3199 ab
654 3163 768 3200 Anco
795 3163 876 3200 iam
903 3163 1055 3200 eversis
1085 3163 1243 3212 (Livius
1267 3164 1301 3208 1,
1323 3163 1375 3200 35
1405 3174 1456 3199 ex
1477 3160 1642 3198 Valerio
1667 3162 1831 3199 Antiate

392 3229 606 3267 secundnm
626 3229 802 3267 Plinium
823 3230 846 3267 3
877 3229 901 3279 ξ
922 3230 992 3278 70)
1022 3229 1192 3279 Apicilia
1222 3230 1320 3279 (sita
1348 3229 1420 3266 illa
1445 3229 1548 3266 inter
1568 3227 1831 3267 Concordiam

392 3303 432 3335 et
450 3297 697 3346 Aquileiam3
725 3297 854 3335 itiner.
880 3296 1147 3346 Hierosolym.
1178 3310 1216 3347 p.
1240 3297 1318 3335 559
1337 3295 1489 3345 Wess.)
1514 3296 1829 3347 deprehenditur.

391 3365 457 3403 Ad
484 3364 761 3415 Apscillanum
790 3364 1000 3414 Apstidins
1029 3365 1212 3414 proxime
1242 3363 1406 3402 accedit.

1505 3433 1530 3470 3
