2222 3594
382 214 445 260 98
1192 227 1332 261 ROSSI

489 343 537 381 V.
563 342 734 380 11—13.
794 342 983 389 Latinas,
1022 347 1115 392 post
1143 343 1310 393 primam
1343 355 1476 388 earum
1508 343 1812 381 celebrationem
1840 342 1926 380 IIII
1955 342 2030 380 eid.
2053 341 2139 382 Ian.
2161 326 2199 364 7·

378 411 521 448 iterum
543 411 606 448 III
626 422 717 448 non.
739 409 873 456 Febr„
902 410 1021 448 tertio
1052 410 1134 448 kal.
1155 410 1249 448 Mai.
1277 410 1368 458 (sic,
1398 423 1479 448 non
1507 421 1615 456 MA1S,
1645 411 1683 447 in
1714 411 1776 447 his
1806 410 1922 448 fastis
1950 415 2161 460 perpetuo.
2187 400 2196 427 ’-

380 478 595 529 scriptum)
633 478 708 515 hoc
743 490 847 516 anno
883 478 1129 516 instauratas
1159 478 1339 516 versibus
1373 477 1436 525 12,
1471 479 1518 516 13
1556 479 1751 528 sagaciter
1787 477 1980 528 suppletis
2009 478 2142 518 docuit

377 546 603 584 Henzenus.
664 544 782 593 Quod
812 558 904 583 vero
936 558 1068 584 mense
1098 545 1282 583 Ianuario
1313 546 1505 596 singulari
1536 546 1720 595 exemplo
1748 545 1896 583 latinae
1933 546 2009 583 hoc
2036 558 2140 585 anno
2184 539 2211 601 ζ

379 615 459 652 sint
488 614 728 660 celebratae,
767 614 807 651 id
838 627 859 651 e
889 626 1140 651 romanorum
1171 614 1471 664 magistratuum
1509 614 1675 651 historia
1709 613 1867 663 plenam
1905 613 2046 667 accipit
2079 615 2140 652 lu·
2205 612 2208 617 ’

379 695 476 720 cem.
521 681 789 720 Decemvirali
820 681 922 719 enim
954 682 1119 732 imperio
1149 682 1355 731 abrogato,
1385 681 1583 718 consulari
1611 681 1810 727 restituto,
1838 681 1932 719 novi
1958 682 2140 721 consules

377 750 590 789 Decembri
620 762 757 788 mense
777 756 894 788 extra
923 749 1099 787 ordinem
1122 755 1215 787 sunt
1235 749 1356 786 creati
1387 749 1641 797 (Mommsen,
1670 749 1828 786 Hermes
1856 748 1881 786 l.
1903 762 1937 787 c.
1960 762 2000 799 p.
2022 749 2138 799 380:
2179 761 2185 764 ’

378 819 524 868 iisque,
561 819 639 856 nisi
676 818 811 856 latinis
846 806 1039 867 peractis,
1076 818 1117 854 in
1146 817 1376 867 ingruentes
1410 816 1547 855 hostes
1585 816 1784 867 proficisci
1821 817 1980 854 minime
2015 806 2146 857 licuit(
2176 827 2191 862 ’ξι

379 885 462 924 Cur
497 887 641 924 iterum
678 892 716 924 et
751 887 867 924 tertio
903 886 1147 923 instauratae
1182 884 1306 922 feriae
1341 884 1439 931 sint,
1477 889 1607 922 utrum
1644 883 1750 933 quod
1784 884 1934 933 primae
1969 884 2142 936 itemque
2173 876 2195 929 J·

379 954 526 993 alterae
563 955 730 992 vitiosae
768 954 939 992 fuissent
981 964 1030 990 an
1068 954 1118 991 ob
1157 964 1374 1002 prosperos
1411 964 1620 990 successus
1663 952 1844 1001 publicae
1887 953 2140 1002 supplicatio·
2188 964 2191 969 ’

377 1023 440 1060 nis
470 1022 609 1072 gratia,
641 1035 690 1060 ne
710 1022 797 1072 ipse
817 1021 976 1071 quidem
997 1021 1267 1059 Mommsenus
1297 1020 1428 1071 potuit
1448 1020 1609 1057 definire
1638 1019 1684 1068 (l.
1706 1032 1738 1057 c.
1769 1033 1807 1070 p.
1827 1019 1940 1070 384).
1983 1020 2141 1060 Trium·
2176 1013 2187 1061 .-

378 1090 546 1140 phorum
577 1097 681 1128 certe
710 1102 834 1128 causa
861 1089 1043 1127 decretae
1079 1089 1172 1126 illae
1209 1100 1286 1126 non
1317 1093 1426 1135 sunt3
1462 1088 1594 1126 idibus
1624 1087 1726 1126 enim
1757 1086 1975 1127 Sextilibus
2003 1094 2044 1126 et
2061 1089 2141 1128 VII
2178 1095 2199 1144 j'

377 1158 456 1196 kal.
479 1157 587 1208 Sept.
618 1158 735 1196 huius
766 1158 858 1195 anni
892 1157 1111 1207 triumphos
1147 1156 1350 1206 capitolini
1387 1156 1540 1207 lapides
1576 1156 1800 1206 adsignant.
1858 1155 2066 1196 Odericius
2102 1165 2142 1197 et

377 1226 570 1264 Marinius
601 1226 849 1273 dubitarunt,
884 1238 979 1262 num
1005 1225 1068 1262 his
1097 1224 1212 1263 fastis
1242 1224 1363 1262 feriae
1393 1229 1546 1262 tantum
1574 1224 1931 1274 extraordinariae,
1964 1238 2140 1275 praescr·

377 1295 448 1332 tim
477 1294 752 1344 triumphales,
782 1306 860 1331 non
881 1306 977 1331 vero
1002 1293 1181 1339 annales,
1210 1292 1357 1330 fuerint
1384 1292 1611 1341 inscriptae.
1656 1291 1784 1331 Novis
1813 1305 1918 1331 nunc
1945 1293 2140 1345 fragmen·

378 1363 429 1400 tis
459 1363 627 1412 repertis
659 1374 738 1399 non
769 1361 886 1399 modo
917 1375 964 1399 ea
993 1361 1184 1398 dubitatio
1213 1366 1276 1398 est
1304 1365 1388 1398 tota
1417 1360 1587 1407 sublata,
1622 1360 1695 1398 sed
1721 1367 1927 1411 praeterea
1953 1361 2146 1403 discimus»

380 1431 603 1468 ordinarias
639 1430 789 1481 pariter
825 1436 865 1467 et
893 1429 1230 1467 extraordinarias
1266 1428 1387 1466 ferias
1421 1429 1462 1466 in
1491 1429 1563 1466 has
1593 1428 1751 1466 tabulas
1780 1429 1925 1468 relatas
1954 1441 2041 1468 esse
2072 1430 2143 1479 (cf.

377 1499 603 1538 Mommsen
638 1499 665 1536 1.
697 1511 730 1536 c.
761 1512 799 1548 p.
824 1496 927 1547 383)
965 1509 1178 1546 earumque
1214 1497 1443 1535 memoriam
1484 1509 1509 1534 a
1543 1497 1795 1536 decemvirali
1839 1497 1978 1536 saltem
2011 1502 2141 1537 aetate
2176 1499 2182 1504 ”

377 1567 419 1605 in
449 1567 677 1619 pontificum
706 1566 819 1604 libris
848 1565 1056 1616 diligenter
1083 1577 1174 1603 esse
1203 1570 1414 1603 servatam.
1957 1610 1961 1614 1
2179 1559 2181 1561 ’

491 1634 687 1674 Columna
715 1634 759 1672 ΙΙ
797 1647 833 1671 v.
865 1634 993 1672 4—7.
1051 1632 1229 1671 Alterius
1266 1632 1470 1670 columnae
1507 1633 1576 1670 vix
1612 1639 1826 1684 supersunt
1866 1633 2023 1672 litterae
2057 1621 2141 1672 ‘riuss
2172 1619 2179 1661 Ῠ

380 1715 448 1742 Βν.
466 1732 475 1741 .
495 1732 503 1740 .
534 1704 592 1741 ita
621 1709 680 1742 ter
709 1703 914 1753 repetitae,
944 1707 989 1739 ut
1017 1707 1097 1739 tres
1127 1701 1334 1739 continuos
1366 1712 1492 1738 annos
1522 1707 1831 1751 repraesentent.
1875 1701 1941 1739 Ad
1969 1701 2041 1740 illa
2067 1687 2186 1753 igi-

377 1780 443 1810 tur
475 1777 654 1821 tempora
688 1772 787 1809 haec
814 1771 1007 1808 fastorum
1037 1780 1132 1819 pars
1168 1769 1356 1819 pertinet,
1393 1769 1537 1819 quibus
1567 1769 1713 1808 tribuni
1742 1770 1911 1808 militum
1942 1765 2189 1825 consulari*¹¹

378 1845 574 1890 potestate
609 1840 729 1887 terni,
774 1838 977 1889 quaterni,
1020 1838 1125 1884 seni,
1169 1837 1303 1875 octoni
1335 1837 1457 1887 longa
1492 1849 1685 1875 annorum
1723 1838 1824 1876 serie
1857 1831 2183 1893 rempublicam',g

376 1921 535 1946 rexere:
566 1920 734 1958 quorum
762 1907 938 1953 nomina,
968 1904 1296 1955 quemadmodum
1323 1911 1363 1942 et
1390 1905 1667 1953 decemvirum,
1697 1905 1940 1955 prolixitatis
1960 1905 2174 1958 vitandae:

378 1977 508 2028 gratia
542 1977 617 2013 hae
645 1975 803 2014 tabulae
839 1979 1104 2025 praetereunt.
1164 1971 1362 2011 Continuo
1392 1973 1561 2012 triennio
1591 1973 1738 2012 tribuni
1771 1973 1940 2012 militum
1964 1959 2182 2029 primum,

378 2045 499 2082 creati
530 2044 644 2082 annis
675 2041 925 2090 320—3223
963 2041 1104 2080 deinde
1141 2041 1190 2078 ab
1221 2053 1324 2078 anno
1355 2040 1433 2079 328
1464 2041 1514 2079 ad
1546 2041 1623 2080 387
1654 2054 1746 2080 raro
1774 2041 1944 2080 reditum
1973 2041 2024 2080 ad
2047 2038 2174 2095 'con-J]-

379 2113 484 2151 sules
523 2118 594 2151 est.
652 2111 772 2150 Prior
806 2111 925 2162 igitur
960 2110 1100 2148 horum
1137 2109 1330 2147 fastorum
1366 2109 1549 2148 columna
1584 2110 1634 2148 ab
1670 2121 1774 2148 anno
1805 2109 1883 2148 303
1921 2109 1971 2147 ad
2000 2110 2174 2162 annulus}

377 2180 575 2232 processit
610 2193 690 2218 non
728 2180 832 2218 infra
861 2178 962 2225 319,
1001 2190 1080 2215 non
1119 2177 1225 2214 ultra
1258 2177 1350 2215 384.
1407 2177 1509 2215 Eam
1545 2183 1696 2216 tamen·
1716 2177 1906 2216 mediocri
1939 2177 2178 2230 altimdineg

378 2250 505 2288 fuisse
534 2249 752 2286 litterarum
773 2247 958 2286 modulus
988 2246 1029 2283 in
1058 2245 1149 2295 ipsa
1176 2250 1335 2295 quoque
1357 2256 1512 2283 summa
1540 2245 1853 2296 praescriptione
1882 2245 2052 2296 exiguus
2079 2244 2184 2298 de-gw
2215 2299 2217 2302 Α

380 2322 576 2356 monstrat
590 2316 642 2366 ¹).
2145 2298 2159 2309 ἱ
2177 2310 2181 2318 ’

490 2385 568 2422 Illa
595 2384 740 2422 certius
771 2383 924 2422 definiri
954 2395 1142 2422 mensura
1168 2389 1318 2434 potest,
1359 2396 1438 2434 qua
1465 2382 1613 2432 pagina
1639 2381 1714 2420 fuit
1742 2393 1936 2420 annorum
1964 2373 2173 2430 exeuntis?

381 2453 531 2492 saeculi
560 2465 584 2490 a
615 2451 775 2490 Christo
805 2452 933 2502 primi,
963 2452 1136 2490 ineuntis
1166 2451 1343 2490 secundi.
1386 2452 1436 2489 In
1464 2450 1579 2488 binas
1609 2450 1715 2488 enim
1744 2449 1947 2488 columnas
1974 2448 2145 2499 partitae
2157 2439 2164 2447 Ἰ
2209 2438 2217 2497 J⁵

379 2527 493 2560 erant
521 2520 645 2558 feriae
675 2531 868 2557 annorum
900 2519 1075 2565 ‘ll—74,
1109 2518 1186 2557 106
1198 2519 1351 2566 —1093
1382 2519 1437 2557 ita
1464 2523 1508 2556 ut
1537 2530 1639 2555 anno
1668 2517 1813 2568 prioris
1843 2517 2048 2556 columnae
2078 2515 2177 2570 71,J3
2210 2530 2214 2569 ³,

380 2589 546 2628 alterius
587 2600 713 2626 annus
752 2587 828 2625 106
865 2586 948 2625 fere
985 2586 1247 2637 responderet
1283 2591 1323 2624 et
1359 2587 1416 2624 sic
1451 2586 1650 2636 deinceps.
1709 2584 1843 2634 Quare
1878 2583 2043 2636 singulis
2080 2574 2217 2637 <xo-⁴43²

379 2657 526 2696 lumnis
559 2655 608 2694 35
647 2655 803 2693 circiter
833 2666 959 2693 annos
997 2666 1086 2692 esse
1121 2655 1428 2704 comprehensos
1465 2654 1669 2691 subductis
1698 2653 1920 2691 rationibus
1948 2651 1994 2690 fit
2021 2650 2174 2698 mani-4,

379 2727 538 2764 festum.
605 2721 647 2762 Si
691 2723 830 2761 eadem
866 2723 1040 2760 omnium
1077 2722 1298 2761 tabularum
1341 2732 1527 2759 mensura
1570 2721 1663 2768 fuit,
1707 2733 1732 2757 a
1766 2720 2055 2758 decemviratus
2093 2717 2212 2763 adJ‘.

379 2792 548 2832 Traiani
577 2797 757 2841 tempora
786 2802 949 2828 necesse
980 2796 1040 2828 est
1067 2791 1141 2828 hos
1171 2790 1299 2827 fastos
1326 2789 1467 2840 viginti
1497 2789 1639 2826 saltem
1669 2787 1872 2826 columnas
1901 2787 2102 2837 implesse.
2209 2787 2219 2825 ζ

493 2858 574 2899 Sed
603 2859 867 2910 fragmentum
897 2870 1091 2895 annorum
1121 2856 1350 2896 536—542
1383 2857 1578 2908 duplicem
1598 2855 1753 2894 videtur
1782 2855 2003 2893 columnam
2029 2851 2179 2899 exhi-{5
2213 2887 2219 2896 ,

381 2930 474 2968 bere
504 2927 613 2978 (vide
642 2926 729 2977 eph.
751 2926 786 2972 I,
806 2925 891 2975 43).
935 2925 1040 2964 Nam
1071 2925 1240 2976 singulis
1271 2925 1386 2963 annis
1415 2925 1586 2963 maiores
1614 2924 1769 2962 litterae
1796 2927 1888 2961 sunt
1907 2921 2143 2973 adscriptae,
2159 2913 2178 2980 ζ

378 3009 480 3048 quae
509 2996 680 3033 alteram
709 2993 931 3032 columnam
961 2993 1135 3032 efficiunt
1163 2994 1241 3032 sic:
2158 2990 2161 2991 ’

387 3187 657 3194 ———-——

483 3349 514 3390 ¹)
545 3351 695 3384 Litterae
719 3359 773 3382 vv,
793 3348 892 3381 1-3
918 3347 1006 3380 altae
1030 3350 1109 3379 sunt
1131 3345 1215 3379 mill.
1236 3346 1300 3386 21;
1325 3355 1380 3377 vv·
1405 3344 1428 3377 4
1454 3348 1488 3376 et
1511 3352 1605 3385 seqq.
1629 3341 1703 3375 fere
1727 3341 1811 3374 mill.
1832 3340 1992 3373 18-19.
