2222 3594
341 189 403 235 28
1126 195 1325 235 HfJBNER

336 320 444 357 mina
478 330 556 356 non
591 317 752 368 proprie
781 316 951 355 Latinae
981 317 1162 356 videntur
1195 317 1320 356 fuisse
1357 317 1522 369 originis
1552 317 1634 365 vel,
1671 323 1714 356 ut
1747 317 1972 356 accuratius
2001 317 2106 356 dica-

336 399 444 433 mus,
481 385 799 432 consuetudinis3
834 385 1158 435 frequentissima
1193 387 1298 424 enim
1335 398 1425 425 esse
1459 387 1500 424 in
1537 387 1655 425 certis
1691 384 1931 436 quibusdam
1963 385 2106 424 Italiae

335 454 489 493 mediae
518 454 708 505 partibus,
739 454 780 491 in
801 453 949 491 Piceno
978 454 1228 504 potissimum
1259 454 1394 504 (cuius
1431 467 1576 493 nomen
1603 455 1735 505 ipsum
1759 453 1942 492 similiter
1959 453 2106 492 forma·

335 528 416 561 tum
447 521 532 572 est)
568 522 876 572 regionibusque
905 521 1047 560 vicinis
1078 522 1305 560 observavit
1332 522 1669 572 Mommsenus1).
1728 522 1910 560 Indicare
1939 533 2104 572 possum

336 591 423 630 eius
452 590 604 628 formae
633 590 795 628 nomina
825 589 994 628 ducenta
1022 590 1112 640 plus
1142 590 1292 637 minus,
1328 590 1543 628 maximam
1572 595 1725 641 partem
1755 603 1804 628 ex
1834 590 2106 641 inscriptioni-

335 660 411 698 bus
440 658 647 710 regionum
677 671 813 696 earum
843 670 943 708 quas
974 658 1070 696 dixi.

448 725 567 765 Certo
596 725 784 764 Latinum
821 732 882 764 est
917 726 1104 764 suffixum
1142 731 1212 772 ᾶη,
1249 726 1357 775 quod
1391 727 1575 777 componi
1605 727 1708 765 solet
1736 733 1818 765 tam
1847 739 1935 765 cum
1964 727 2106 766 radici·
2155 747 2164 757 ·

336 796 411 834 bus
447 808 468 832 e
503 795 647 844 quibus
678 795 871 832 vocabula
906 794 947 832 in
976 807 1001 831 a
1031 794 1114 832 sive
1144 794 1295 844 primae
1326 794 1603 833 declinationis
1633 795 1804 833 formata
1833 800 1946 842 sunt,
1985 803 2028 834 ut
2055 795 2105 834 ab

339 863 469 902 insula
503 862 623 901 fiebat
658 864 877 909 insulanus,
913 875 937 899 a
967 863 1121 901 decuma
1153 864 1397 910 decumanus,
1436 875 1555 913 quam
1591 875 1678 901 cum
1713 862 1914 901 radicibus
1942 863 1986 901 in
2013 875 2107 901 con-

338 937 526 970 sonantes
557 931 786 968 terminatas
816 937 886 968 aut
913 930 955 968 in
985 943 1005 968 o
1037 931 1249 969 secundum
1279 931 1433 969 tertiam
1464 932 1707 981 alteramque
1737 931 2034 979 declinationeS,
2064 937 2108 970 ut

336 1013 361 1038 a
380 1002 490 1050 fonte
509 1000 711 1048 fontanus,
742 1000 791 1037 ab
822 1000 962 1049 oppido
994 1000 1222 1049 oppidanus,
1253 1011 1277 1036 a
1297 999 1451 1037 castello
1472 999 1702 1037 castellanus
1730 999 1837 1038 facta
1856 1006 1959 1038 sunt.
2006 999 2106 1039 Fre-

336 1067 643 1118 quentissimum
679 1072 741 1104 est
775 1066 816 1104 in
851 1067 1058 1105 adiectivis
1096 1078 1196 1117 quae
1229 1067 1400 1105 breviter
1437 1067 1602 1106 dicimus
1638 1067 1824 1115 ethnicis,
1862 1067 1931 1106 sed
1966 1067 2106 1107 eadem

335 1141 454 1186 atque
482 1136 523 1173 in
551 1135 719 1185 reliquis
747 1134 887 1173 formis
917 1135 1099 1173 libertate
1127 1139 1380 1186 usurpatum3
1410 1148 1500 1174 nam
1530 1140 1574 1174 ut
1602 1148 1626 1174 a
1654 1136 1776 1174 Roma
1804 1136 2022 1184 Romanus,
2051 1136 2107 1175 ita

336 1217 361 1242 a
389 1203 551 1242 Tusculo
586 1203 822 1242 Tusculanus
855 1203 1068 1241 derivatur.
1126 1202 1221 1242 Non
1256 1203 1442 1253 frequens
1478 1209 1540 1242 est
1574 1205 1615 1242 in
1645 1204 1808 1243 vetustis
1844 1205 2008 1243 deorum
2037 1216 2106 1243 no-

336 1272 522 1319 minibus„
553 1271 676 1310 veluti
705 1271 747 1308 in
767 1271 901 1308 Diana
922 1271 1077 1320 [Ianus]
1099 1271 1281 1310 Silvanus
1303 1271 1530 1310 Summanus
1553 1271 1752 1320 Volcanus,
1781 1273 1874 1311 item
1903 1273 1947 1312 in
1971 1285 2106 1311 recen-

334 1340 502 1379 tioribus
540 1339 927 1390 indigitamentorum
962 1339 1029 1389 qui
1065 1339 1246 1378 dicuntur
1277 1339 1516 1379 Aesculanus
1548 1340 1716 1378 Tutunus
1748 1340 1957 1391 Vaqitanus
1985 1341 2106 1380 Prae-

337 1416 450 1448 stana
479 1408 706 1455 Patellana3
743 1408 1010 1458 frequentius,
1045 1414 1089 1445 ut
1122 1408 1414 1459 expectaveris,
1450 1409 1491 1446 in
1519 1408 1695 1447 locorum
1725 1409 1968 1457 nominibus,
2003 1421 2106 1460 quae

334 1489 414 1515 non
449 1489 540 1515 raro
579 1476 795 1514 secundum
831 1476 1116 1514 adiectivorum
1153 1476 1378 1528 analogiam
1412 1476 1644 1524 formantur,
1680 1476 1802 1515 veluti
1831 1472 1924 1515 sunt
1956 1475 2107 1516 Cluana

337 1546 484 1584 Ficana
522 1544 689 1582 Novana
727 1544 911 1582 Numana
957 1544 1132 1591 Urbana,
1174 1544 1385 1583 Aeclanum
1423 1544 1627 1582 Anxanum
1663 1545 1882 1583 Bovianum
1918 1546 2106 1584 Iuvanum

335 1613 542 1652 Pallanum
572 1613 736 1651 Teanum
761 1613 983 1661 Tegianum3
1015 1612 1207 1651 accedunt
1235 1619 1389 1651 montes
1422 1612 1627 1662 Garqanus
1655 1613 1877 1660 Vaticanus,
1907 1613 2106 1652 Pantanus

335 1681 465 1729 lacus,
502 1681 648 1719 flumen
678 1681 895 1719 Vomanum.
955 1680 1160 1718 Pertinent
1193 1682 1271 1719 huc
1301 1682 1419 1719 etiam
1449 1681 1615 1719 Sacrani
1644 1694 1695 1718 ex
1725 1681 1984 1726 Reatinorum
2014 1693 2106 1719 vere

336 1761 450 1787 sacro
480 1749 559 1787 orti
587 1754 688 1787 teste
717 1748 847 1786 Paulo
878 1748 991 1786 Festi
1021 1762 1058 1798 p.
1082 1748 1175 1796 321,
1205 1761 1373 1798 quorum
1403 1762 1547 1787 nomen
1578 1749 1629 1787 ad
1660 1749 1959 1788 similitudinem
1994 1749 2107 1788 Cam-

329 1830 462 1867 panus
493 1816 676 1855 Lucanus
706 1817 910 1854 nominum
939 1816 1150 1855 formatum
1180 1828 1270 1855 esse
1299 1823 1419 1868 patet.

447 1885 527 1923 Per
556 1891 607 1922 an
643 1884 839 1922 suffixum
869 1886 1122 1923 coniunctum
1159 1898 1248 1923 cum
1283 1888 1342 1924 ius
1379 1885 1672 1936 gentiliciorum
1710 1886 1894 1924 sollemni
1923 1886 2106 1926 similiter

336 1960 454 2004 atque
484 1966 554 2004 per
585 1960 652 1999 ῡη,
683 1959 746 1999 en,
775 1960 817 1990 in
853 1958 891 1991 et
919 1953 1095 1991 fortasse
1129 1954 1247 1992 etiam
1275 1966 1347 2003 per
1373 1961 1426 1992 un
1454 1954 1617 1992 nomina
1643 1954 1846 2004 gentilicia
1873 1942 2000 1993 multa
2026 1954 2104 1993 for·

335 2028 443 2060 mata
472 2027 564 2059 sunt
592 2021 634 2059 in
663 2023 774 2059 anius
806 2024 915 2059 onius
946 2024 1050 2060 enius
1080 2024 1181 2060 {nius
1201 2020 1254 2071 2),
1286 2022 1407 2060 veluti
1433 2021 1626 2071 Geqanius
1647 2021 1892 2072 Sempronius
1911 2023 2106 2062 Ducenius

345 2091 538 2135 Vatinius,
570 2101 660 2127 rara
694 2089 734 2126 in
773 2092 906 2136 unius,
944 2090 1053 2127 velut
1083 2089 1272 2139 Sepunius
1305 2089 1520 2140 Sepunnius
1550 2096 1590 2128 et
1618 2085 2001 2141 similia'quaedam.
2057 2091 2105 2129 In

337 2157 622 2197 adiectivorum
652 2169 810 2207 quoque
839 2158 1074 2196 formatione
1104 2165 1155 2196 ᾶη
1176 2165 1224 2196 on
1244 2165 1288 2196 en
1308 2166 1348 2196 tn
1377 2158 1522 2197 suffixa
1552 2158 1650 2196 satis
1678 2158 1903 2208 frequentia
1921 2164 2026 2206 sunt,
2053 2165 2106 2197 un

335 2239 490 2274 rarum,
528 2230 571 2263 ut
605 2225 645 2263 in
674 2227 909 2275 importunus
940 2233 1144 2276 oportunus
1154 2240 1165 2273 3
1202 2239 1294 2264 rara
1322 2227 1439 2264 etiam
1467 2226 1630 2265 deorum
1658 2227 1820 2265 nomina
1847 2239 1919 2277 per
1944 2234 1998 2265 un
2026 2226 2105 2266 suf-

334 2296 460 2334 fixum
489 2294 674 2339 formata,
706 2293 828 2331 veluti
848 2294 1048 2344 Neptunus
1078 2294 1271 2333 Portunus
1292 2295 1476 2333 IlIutunus
1502 2295 1670 2333 Tutunus
1701 2295 1858 2334 Vacana
1887 2295 2037 2334 Vesana
2065 2301 2105 2333 et

337 2362 577 2404 Sabinorum
598 2361 795 2408 Albunea3
826 2374 917 2400 nam
947 2363 988 2400 in
1017 2363 1193 2401 Fortuna
1223 2362 1484 2412 antiquiorem
1511 2363 1683 2401 Fortona
1709 2363 1876 2402 formam
1904 2364 2104 2411 novimus,

338 2431 508 2470 similem
538 2430 764 2468 nominibus
794 2430 1020 2480 Anqeronae
1055 2430 1229 2470 Orbonae
1257 2430 1458 2469 Pomonae.
1518 2431 1564 2469 In
1593 2431 1771 2470 locorum
1799 2431 2024 2470 nominibus
2051 2444 2104 2470 un

335 2499 491 2538 videtur
511 2498 674 2545 deesse3
705 2511 796 2536 nam
817 2499 1007 2537 Belunum
1029 2498 1187 2538 Camuni
1211 2499 1390 2537 Virunum
1410 2499 1580 2537 barbara
1601 2504 1704 2537 sunt.
1755 2498 1976 2538 Commune
2003 2499 2103 2538 illud

335 2568 482 2606 habent
510 2566 670 2604 nomina
698 2566 739 2604 in
769 2568 881 2604 anius
912 2569 1020 2605 onius
1051 2569 1155 2605 enius
1189 2569 1288 2604 inius
1320 2566 1418 2616 (non
1447 2568 1490 2605 in
1518 2567 1670 2617 unius),
1700 2567 1806 2617 quod
1834 2579 2033 2618 nusquam
2059 2567 2102 2605 in

335 2636 385 2674 iis
420 2648 446 2673 n
474 2635 605 2672 littera
640 2634 839 2684 geminata
874 2640 946 2673 est.
1005 2635 1110 2674 Nam
1147 2647 1248 2685 quae
1282 2640 1420 2673 extant
1447 2635 1489 2673 in
1518 2637 1648 2673 ennius
1677 2635 1838 2673 nomina
1866 2647 1946 2673 non
1974 2647 2102 2685 pauca

336 2703 476 2754 (veluti
504 2703 720 2741 Herennius
751 2703 996 2753 Pescennius)
1028 2708 1066 2741 et
1094 2704 1134 2741 in
1164 2705 1290 2741 innius
1316 2715 1518 2753 perpauca
1547 2702 1688 2752 (veluti
1714 2701 1938 2752 Avinnius)‚
1967 2715 2016 2741 ea
2043 2703 2100 2740 di-

335 2784 473 2810 versae
502 2771 668 2823 originis
697 2771 874 2822 putanda
903 2776 994 2809 sunt
1022 2777 1061 2809 et
1089 2771 1259 2809 fortasse
1290 2771 1563 2821 componenda
1591 2783 1678 2808 cum
1702 2770 1920 2809 terminatis
1943 2770 1984 2808 in
2004 2783 2101 2809 enna

336 2846 375 2878 et
403 2843 513 2887 inna3
543 2840 584 2878 in
614 2843 751 2878 annius
781 2845 912 2878 autem
944 2846 982 2877 et
1011 2842 1145 2877 onnius
1174 2839 1342 2877 formata
1369 2839 1479 2877 nulla
1499 2838 1668 2876 fuerunt.
1716 2839 1858 2888 Itaque
1882 2839 2101 2878 Turannius

337 2923 407 2961 pro
441 2911 656 2948 Turranius
692 2913 730 2946 et
757 2908 969 2946 Verannius
1003 2920 1075 2958 pro
1106 2908 1291 2946 Veranius
1325 2907 1493 2954 formae,
1530 2918 1630 2956 quas
1660 2906 1831 2944 editores
1862 2906 2099 2958 scriptorum

336 2984 513 3017 veterum
541 2978 669 3016 adhuc
698 2976 870 3015 tolerare
899 2975 1042 3023 solent,
1073 2976 1232 3014 omnino
1260 2975 1523 3014 removendae
1553 2980 1657 3013 sunt.
1709 2974 1922 3013 Verannius
1949 2974 2100 3013 formae

439 3144 470 3185 l)
506 3146 548 3178 In
572 3145 661 3177 libro
690 3145 732 3177 de
759 3144 912 3176 dialectis
938 3144 1059 3176 Italiae.
1084 3143 1255 3175 inferioris
1281 3153 1314 3185 p.
1335 3143 1403 3175 362
1431 3143 1509 3175 adn.
1530 3143 1569 3181 ὃς
1605 3142 1646 3175 cf.
1674 3151 1760 3185 quae
1785 3142 1966 3174 Henzenus
1991 3141 2098 3173 adno-

337 3207 421 3239 tavit
446 3207 489 3238 ad
515 3206 694 3249 Borghesii
721 3216 828 3248 opera
855 3207 871 3237 1
900 3216 934 3247 p.
954 3205 1023 3237 246
1050 3209 1083 3236 et
1108 3206 1131 3237 4
1156 3215 1189 3246 p.
1209 3205 1292 3236 318.

437 3265 469 3307 ²)
508 3268 587 3301 Scio
613 3268 716 3300 etiam
741 3268 778 3300 in
802 3267 894 3299 inias
917 3267 1032 3307 fuisse,
1059 3271 1096 3298 ut
1118 3264 1283 3299 Cominius
1311 3264 1498 3298 Flaminius
1523 3263 1703 3298 Stertinius
1726 3261 1884 3304 Volsinii3
1917 3263 1978 3295 sed
2001 3262 2089 3296 hanc
2109 3284 2127 3304 ς..

336 3328 518 3371 prosodiae
543 3329 770 3361 differentiam
796 3339 886 3362 nunc
911 3339 981 3362 non
1006 3338 1098 3361 curo.
