2222 3594
646 277 748 310 max
770 275 880 310 con.
905 274 1211 309 censuim-3.
1716 264 1809 310 125

79 395 97 447 ,ζῆ
116 416 120 421 5
140 389 309 432 CXXX
363 392 403 442 7,
422 391 595 433 39-51
723 390 895 431 Senator
922 390 1061 442 populi
1088 390 1261 430 Romani
1289 392 1449 442 quando
1475 397 1670 444 patronus
1689 394 1814 444 adop·

791 459 869 498 tari
896 459 1028 510 possit
1482 474 1522 512 p.
1546 460 1637 500 145.
1661 460 1738 501 146
1749 473 1810 512 sq.

10 579 11 582 Ἴ
27 544 51 577 (’-
71 516 79 573 J
94 516 98 558 ’Ῐ
111 526 308 573 cxxxl
363 529 404 576 7,
423 527 476 568 52
488 549 539 557 --
551 527 590 576 8,
614 529 662 567 13
728 526 899 568 Senator
925 526 1062 579 populi
1079 527 1250 566 Romani
1279 528 1439 578 quando
1461 529 1610 580 hospes
1629 530 1814 581 adoptari

16 620 23 641 3
42 586 88 646 '52⁷
213 621 222 629 ,
793 595 925 646 possit
1482 609 1523 648 p.
1546 597 1636 636 145.
1661 598 1739 636 146
1751 609 1811 648 sq.

95 661 303 707 -cxxxn
359 664 401 712 8,
422 664 593 703 14—33
724 663 881 702 Petitor
912 663 1146 714 largitiones
1174 676 1225 702 ne
1253 664 1374 703 faciat
1400 677 1501 703 neve
1529 666 1713 704 convivia
1738 679 1812 717 pu·

130 776 133 777 ⁷
791 731 897 770 blica
923 731 990 769 det
1391 759 1394 761 -
1593 747 1634 785 p.
1648 733 1736 775 ,139
1749 746 1810 784 sq.

15 794 307 841 οΧΧΧΠῙ
361 801 400 848 8,
419 801 591 840 34—38
721 799 911 839 Mulieres
939 799 1170 838 colonorum
1198 801 1379 839 coloniae
1404 801 1559 852 legibus
1583 806 1626 840 ut
1644 809 1812 852 pareant

307 874 311 877 ’
952 876 958 880 ·
1565 877 1572 882 “
1668 883 1708 920 p.
1732 869 1810 908 126

15 979 17 982 ,
51 927 304 987 ΪοΧΧΧΙἾ
358 937 399 984 8,
418 937 593 976 39—47
611 965 620 975 .
638 967 648 976 .
667 965 677 975 .
720 936 969 994 Decuriones
998 937 1049 974 ab
1077 935 1247 976 decretis
1275 937 1598 976 remuneratoriis
1628 938 1812 976 ambitio·

12 1003 51 1046 ⁴⁹<
86 998 109 1027 ὓ
789 1005 846 1044 sis
877 1011 921 1044 ut
947 1005 1172 1044 abstineant
1552 1019 1591 1056 p.
1616 1006 1706 1045 138.
1733 1007 1809 1046 145

16 1489 22 1516 5
58 1459 84 1506 f
153 1467 334 1510 Gelonos
362 1469 515 1509 divisos
542 1481 634 1509 esse
661 1470 703 1508 in
732 1468 859 1508 tribus
887 1470 978 1508 inde
1006 1469 1187 1518 efficitur,
1214 1470 1322 1522 quod
1350 1470 1604 1522 magistratus
1623 1477 1807 1510 creantur

37 1548 117 1602 pro
142 1537 245 1579 tribu
271 1536 432 1589 (4,18).
474 1538 559 1576 Eas
579 1538 704 1578 tribus
726 1550 805 1576 non
824 1538 948 1578 fuisse
966 1539 1104 1590 populi
1123 1539 1308 1586 Romani,
1337 1539 1407 1578 sed
1428 1539 1610 1589 proprias
1630 1540 1812 1579 coloniae

18 1604 164 1663 lunius
191 1605 256 1644 vel
281 1605 377 1646 inde
404 1605 661 1658 intellegitur,
690 1607 797 1657 quod
820 1605 1010 1646 Caesaris
1040 1612 1169 1646 aetate
1199 1608 1266 1646 uni
1295 1607 1371 1646 soli
1400 1620 1453 1646 ex
1481 1608 1619 1658 populi
1638 1607 1811 1647 Romani

20 1655 55 1724 ᾆξ’
73 1673 228 1714 ‘bubus
257 1678 300 1712 ut
326 1673 566 1724 reliquarum
596 1674 843 1713 coloniarum
862 1674 1243 1725 municipiorumque
1263 1675 1320 1714 ita
1339 1675 1456 1714 etiam
1477 1676 1657 1715 coloniae
1677 1675 1810 1716 Gene-

28 1734 151 1788 fixae
183 1742 292 1781 cives
327 1741 551 1791 adscriptos
585 1741 711 1781 fuisse
745 1749 895 1781 certum
924 1749 986 1781 est
1014 1749 1054 1781 et
1080 1743 1345 1793 exploratum.
1401 1743 1502 1782 Post
1528 1749 1686 1794 reperta
1715 1757 1811 1783 aera

20 1796 349 1864 '‘*³'··nic⁷ipiorum
377 1809 512 1848 Latini
546 1810 645 1848 iuris
674 1811 852 1849 Malacae
888 1816 927 1850 et
956 1809 1175 1861 Salpensae
1211 1812 1433 1850 communis
1467 1812 1604 1862 opinio
1640 1813 1811 1852 obtinuit

73 1868 325 1917 [dublina
359 1877 512 1916 formae
539 1878 743 1917 Romanae
778 1891 916 1917 omnes
951 1878 1185 1918 distributas
1220 1879 1345 1918 fuisse
1380 1881 1580 1927 curiatim;
1620 1893 1669 1918 ea
1704 1882 1810 1919 enim

33 1927 119 1999 {m
141 1965 170 1979 ι.
201 1945 240 1985 'o
276 1951 317 1984 et
348 1945 390 1984 in
424 1945 507 1984 illis
541 1946 769 1985 introducta
802 1953 864 1985 est
899 1952 940 1985 et
973 1947 1068 1986 alibi
1106 1947 1256 1998 passim
1284 1948 1531 1995 observatur,
1566 1948 1739 1987 maxime
1767 1950 1810 1987 in

43 2032 102 2124 ἶ·
119 2013 182 2052 'ca
214 2015 274 2062 (v.
302 2013 535 2064 Marquardt
564 2013 927 2065 Staaoeverwaltunq
960 2016 997 2062 1,
1023 2015 1134 2065 467).
1193 2015 1279 2054 Iam
1316 2029 1410 2054 vero
1444 2028 1533 2054 cnm
1569 2017 1706 2068 negari
1741 2029 1809 2055 ne-

32 2090 49 2100 ·
69 2086 165 2129 eat
191 2080 388 2120 coloniam
417 2081 519 2120 hanc
553 2094 579 2120 a
604 2081 779 2122 Caesare
806 2083 998 2122 dictatore
1027 2096 1115 2122 cum
1145 2096 1233 2122 eam
1262 2083 1472 2122 deduceret
1499 2084 1676 2123 tributim
1705 2085 1810 2124 ordi-

138 2168 166 2184 555
204 2159 308 2197 esse,
335 2149 603 2200 accedantque
630 2151 737 2189 tituli
766 2151 947 2190 coloniae
966 2151 1174 2202 Augustae
1192 2151 1377 2203 Lilybaei
1399 2165 1486 2190 eam
1506 2165 1588 2190 rem
1609 2153 1809 2204 publicam

131 2216 248 2257 euim
276 2216 450 2256 tribuum
477 2217 604 2256 fuisse
631 2218 879 2258 declarantes
894 2218 953 2269 ¹),
982 2219 1089 2257 haud
1118 2221 1200 2258 scio
1229 2232 1281 2258 an
1309 2220 1476 2258 Latinae
1504 2221 1658 2259 formae
1691 2221 1809 2260 rebus

52 2225 215 2331 {blicis
246 2290 288 2325 et
319 2291 531 2336 propterea
566 2287 792 2337 municipiis
830 2292 911 2325 tam
947 2288 1132 2338 propriae
1169 2288 1316 2326 fuerint
1352 2289 1487 2326 curiae
1525 2301 1644 2339 quam
1683 2289 1809 2328 tribus

47 2340 186 2402 fnum
207 2351 479 2392 Romanorum
507 2354 675 2392 coloniis
702 2354 752 2392 ad
779 2354 907 2404 ipsius
935 2355 1089 2394 Romae
1117 2355 1328 2406 imaginem
1358 2358 1576 2406 expressis.
1617 2356 1712 2396 Non
1742 2358 1809 2395 ob-

23 2415 27 2418 *
37 2423 85 2484 5
105 2424 143 2467 t,
176 2418 283 2470 qnod
315 2420 357 2459 in
393 2421 551 2472 oppidis
578 2422 778 2461 Africanis
812 2427 892 2461 tam
928 2423 1154 2474 municipiis
1187 2436 1307 2473 quam
1337 2425 1504 2463 coloniis
1534 2425 1646 2463 solae
1674 2426 1809 2463 euriae

72 2508 74 2520 ε
100 2487 318 2535 antuman
350 2501 442 2527 nam
472 2501 522 2528 ea
549 2496 692 2536 aetate,
721 2502 802 2541 qua
828 2491 1012 2529 instituta
1039 2491 1222 2529 Romana
1250 2492 1291 2530 in
1322 2492 1499 2530 Africam
1527 2493 1808 2544 migraverunt,

56 2555 224 2617 oniae
250 2556 535 2608 municipiique
558 2558 822 2608 proprietates
841 2571 912 2609 per
930 2559 1304 2598 contaminationem
1323 2561 1475 2598 formae
1503 2561 1710 2611 utriusque
1728 2562 1808 2599 iam

148 2630 395 2663 evanuerant
426 2630 496 2663 aut
523 2626 825 2664 evanescebant.
885 2625 1070 2666 ceterum
1099 2628 1230 2667 curias
1259 2628 1465 2679 tribusque
1493 2629 1652 2667 nomine
1681 2630 1808 2679 magis

45 2734 61 2738 ,,
90 2735 96 2738 ‚
138 2710 155 2724 ··
192 2704 237 2729 re
264 2690 422 2731 differre
449 2698 490 2731 et
518 2693 613 2732 alibi
642 2694 911 2733 demonstravi
939 2701 979 2732 et
1006 2699 1142 2734 notum
1171 2702 1234 2734 est
1261 2696 1379 2734 hodie
1407 2697 1770 2747 pervulgatumque.

138 2758 310 2799 ,Incolae
343 2768 701 2800 commemorantur
734 2767 894 2812 quater,
932 2763 1083 2801 scilicet
1116 2764 1184 2801 ubi
1218 2764 1350 2815 agitur
1385 2764 1433 2803 de
1467 2765 1551 2802 iure
1587 2765 1804 2804 testimonii

42 2827 302 2886 {spatiandi
331 2827 369 2875 2,
390 2828 428 2875 6,
456 2835 497 2868 et
524 2829 592 2868 ubi
621 2829 752 2880 agitur
779 2830 828 2868 de
853 2831 1074 2876 munitione
1093 2831 1199 2869 etde
1219 2831 1452 2870 defensione
1472 2833 1651 2871 coloniae
1681 2833 1718 2879 3,
1740 2833 1804 2878 33.

61 3007 110 3061 Ἀ
149 3014 183 3057 ¹)
217 3017 352 3050 Inventi
383 3018 431 3050 ibi
463 3023 542 3051 sunt
572 3020 662 3052 tituli
693 3020 761 3052 duo
788 3021 1041 3059 (Torremuzza
1066 3021 1107 3052 cl.
1127 3022 1147 3052 2
1174 3031 1207 3053 n.
1227 3022 1246 3052 8
1275 3019 1335 3061 [=
1356 3021 1464 3054 Orelli
1483 3021 1606 3062 3718}
1633 3020 1688 3060 9),
1722 3031 1808 3064 qnos

83 3074 86 3075 ’
123 3078 247 3110 anzuh
263 3079 404 3112 Siciliae
429 3080 564 3112 cuidam
588 3081 727 3122 filioque
751 3082 824 3113 eius
848 3086 1036 3122 posuerunt
1055 3078 1136 3112 XII
1157 3080 1290 3122 trib(us)
1315 3083 1502 3124 tertiusque
1527 3092 1627 3123 quem
1652 3082 1712 3114 alii
1738 3083 1808 3115 cni-

92 3154 119 3172 ,·5
158 3139 314 3172 focerunt
344 3138 482 3172 tribules
506 3139 585 3172 trib.
610 3139 705 3173 Iovia
729 3141 818 3184 Any.
846 3141 1028 3174 Coloniam
1051 3142 1253 3183 Lilybaeum
1278 3143 1458 3174 deductam
1484 3153 1557 3174 esse
1580 3143 1622 3174 ab
1649 3143 1808 3185 Augusto

63 3182 118 3232 ''„,·
136 3201 294 3232 matravit
317 3201 498 3233 Henzenus
524 3200 617 3240 (ann.
643 3202 721 3234 inst.
752 3203 843 3234 1857
870 3213 903 3243 p.
926 3198 1028 3242 115)';
1055 3213 1158 3234 unum
1183 3203 1272 3234 addo
1297 3203 1334 3234 in
1359 3204 1459 3234 titulo
1483 3208 1642 3245 corrupto
1667 3204 1804 3237 Reines.

96 3261 163 3300 28,
187 3261 278 3293 unde
303 3261 444 3303 qnidam
469 3262 606 3294 efficere
630 3263 812 3294 voluerunt
837 3262 993 3294 coloniae
1019 3263 1091 3294 eius
1117 3273 1306 3305 cognomen
1330 3264 1401 3294 sive
1418 3264 1560 3296 Helviae
1582 3265 1652 3296 sive
1668 3265 1805 3306 Aeliae,

54 3302 152 3354 ‘'on
177 3322 270 3364 qnod
293 3323 440 3354 traditur
457 3332 478 3354 a
494 3323 659 3365 primario
677 3328 815 3355 auctore
833 3323 1007 3366 Grualtero¹
1022 3325 1116 3354 RESP
1137 3325 1307 3355 COIHELY
1326 3327 1408 3355 AVG
1427 3327 1576 3356 LILYBIT
1592 3325 1697 3359 latere
1713 3327 1805 3357 col.-

0 3387 11 3417 f
87 3399 99 3411 ,ι
130 3393 150 3415 ι
165 3399 176 3409 ·
192 3392 276 3420 Ave
292 3402 301 3411 ·
317 3392 478 3420 ιιιγειτ.

1844 1474 1980 1509 Coloni.

1853 1540 1979 1575 Tribus

1836 2766 1980 2799 Incolae
2030 2778 2068 2782 ⁷*
