2222 3594
0 3101 51 3351 ³<‹-12}2;2.ff.,.,.4÷‹5e-4-.

509 231 917 267 onsnRvAnoNEs
951 232 1319 266 EPmRAPmC-AE
1354 232 1478 266 xvn.
1777 219 1872 266 259

11 403 26 413 ,Ἴ
71 377 76 396 ,
108 347 200 399 Quo
226 354 385 389 mortuo
414 349 592 388 Thraces
621 348 663 386 in
691 348 922 399 provinciae
950 348 1119 387 formam
1150 349 1305 387 redacti
1333 349 1427 387 sunt
1442 349 1480 399 ¹)
1517 354 1557 387 et
1592 362 1680 387 cum
1709 349 1875 387 rebella-

8 421 54 470 ἀ,
97 407 218 466 vurent,
253 417 374 457 armis
400 417 675 457 Romanorum
705 415 913 467 devicti2).
971 415 1122 455 Eodem
1152 423 1330 468 tempore
1357 418 1491 468 Apros
1521 417 1679 456 colonia
1707 417 1877 456 deducta

108 490 170 525 eat
197 484 369 526 Claudia
380 485 434 536 ³).

226 691 307 739 10.
355 687 558 738 Polemo
588 701 730 753 Cotyis
759 707 799 741 et
818 702 1019 741 Antoniae
1039 701 1306 754 Tryphaenae
1334 701 1441 740 filius
1470 701 1572 740 alter
1599 702 1694 753 quin
1722 708 1763 742 et
1790 703 1876 754 ipse

108 783 136 811 a
154 769 261 829 Gaio
289 771 528 823 imperatore
554 783 718 822 regnum
747 771 897 821 pariter
925 776 1043 820 atque
1070 770 1195 809 frater
1223 770 1420 821 acceperit
1448 782 1474 807 a
1502 771 1718 810 maioribus
1746 771 1876 821 ipsius

46 841 66 877 εἶ·
108 840 307 892 quondam
337 840 560 886 obtentum,
595 839 765 877 dubitari
801 852 880 877 non
916 844 1047 890 potest
1082 845 1175 888 post
1208 847 1407 888 repertum
1443 839 1600 877 titulum
1632 837 1874 889 Cyzicenum

106 907 148 947 id
176 907 310 960 ipsum
341 907 500 946 disertis
531 907 662 946 verbis
691 907 959 945 enuntiantem
972 906 1027 956 ⁴).
1077 906 1163 945 Nec
1191 907 1239 944 de
1270 919 1317 944 ea
1344 920 1388 945 re
1418 913 1601 945 auctores
1631 913 1772 955 tacent,
1804 908 1874 945 sed

106 987 188 1015 non
215 982 323 1014 recte
350 988 438 1014 eam
468 975 733 1022 tradiderunt;
771 975 923 1013 scilicet
952 974 1032 1013 Dio
1062 987 1149 1012 cum
1180 981 1316 1013 narrat
1345 974 1401 1024 (p.
1425 974 1503 1014 257
1535 975 1627 1014 adn.
1649 976 1692 1024 4)
1724 974 1872 1014 Gaium

112 1043 231 1083 simul
267 1043 479 1083 Thraciam
529 1043 806 1095 adsignavisse
840 1043 1144 1081 Rhoemetalcae
1187 1049 1226 1081 et
1261 1043 1471 1082 Polemoni
1521 1043 1750 1082 Polemonis
1793 1044 1877 1082 filio

106 1123 272 1163 regnum
301 1117 508 1162 paternum
539 1112 712 1150 Pontum
744 1111 1086 1158 Polemoniacum‚
1115 1111 1171 1149 ibi
1200 1111 1279 1149 iam
1309 1118 1475 1162 apparet
1504 1125 1594 1150 vere
1624 1113 1689 1162 agi
1719 1113 1767 1150 de
1797 1113 1878 1150 Po-

108 1180 265 1219 lemone
294 1179 527 1218 Polemonis
562 1180 668 1230 regis
703 1179 823 1217 Ponti
858 1192 936 1218 non
972 1179 1073 1226 filio,
1111 1179 1181 1217 sed
1217 1192 1268 1217 ex
1303 1179 1387 1217 filia
1421 1186 1585 1230 nepote,
1625 1180 1708 1218 filio
1745 1187 1877 1219 autem

110 1246 254 1299 Cotyis
290 1247 395 1298 regis
430 1246 646 1294 Thraciae,
690 1247 975 1297 solvunturque
1011 1247 1068 1285 ita
1103 1246 1208 1285 felici
1245 1247 1391 1285 decreti
1427 1246 1614 1298 Cyziceni
1651 1248 1878 1287 inventione

14 1327 27 1344 ,⁴
76 1371 77 1374 Ἴ
107 1326 212 1368 quae
249 1316 299 1355 de
327 1315 448 1354 Ponti
483 1315 643 1367 regibus
679 1315 800 1353 dubia
834 1315 962 1353 adhuc
994 1321 1235 1354 manserunt.
1292 1315 1399 1355 Nam
1429 1322 1588 1354 constat
1615 1316 1732 1355 hodie
1762 1316 1878 1354 pole-
1904 1351 1908 1354 ι

107 1396 267 1424 monem
294 1395 428 1435 regem
449 1383 569 1421 Ponti
589 1383 878 1434 Pythodoridis
907 1383 1088 1422 maritum
1120 1383 1223 1422 diem
1254 1384 1402 1422 obiisse
1430 1396 1463 1422 c.
1486 1396 1522 1422 a.
1547 1383 1639 1432 746,
1670 1397 1717 1422 eo
1746 1391 1878 1423 autem

110 1452 298 1493 defuncto
327 1464 492 1491 uxorem
520 1463 683 1502 regnum
713 1452 892 1490 tenuisse
913 1457 1019 1490 certe
1041 1464 1127 1490 cum
1148 1454 1359 1502 Augustus
1379 1453 1557 1491 excessit
1569 1452 1607 1502 ⁵)
1639 1453 1879 1503 scripsitque

113 1518 259 1560 Strabo
274 1519 336 1570 ⁶),
370 1519 414 1558 id
447 1524 510 1558 est
544 1520 596 1558 ad
632 1532 668 1558 a.
698 1532 736 1569 p.
766 1518 861 1558 Chr.
887 1519 948 1558 19.
1005 1519 1162 1558 Deinde
1199 1520 1247 1558 de
1283 1520 1402 1559 Ponti
1444 1533 1568 1572 regno
1603 1521 1699 1570 quid
1732 1520 1879 1559 factum

27 1572 42 1588 Χ
60 1586 68 1591 ”’
111 1578 166 1628 sit
192 1587 243 1626 ad
272 1600 308 1626 a.
338 1601 376 1638 p.
404 1585 500 1626 Chr.
523 1587 595 1634 37,
626 1600 705 1625 non
735 1588 925 1634 traditur3
963 1600 1010 1626 eo
1045 1595 1178 1627 autem
1216 1601 1321 1627 anno
1358 1600 1525 1639 regnare
1554 1589 1732 1640 coepisse
1761 1589 1880 1627 Pole-

111 1668 270 1696 monem
300 1662 340 1693 et
359 1655 532 1694 Dionem
562 1655 718 1694 tradere
746 1657 918 1694 vidimus
948 1661 987 1695 et
1015 1657 1165 1694 nummi
1194 1657 1424 1695 Polemonis
1453 1657 1616 1695 alterius
1646 1658 1882 1695 confirmant

109 1735 238 1764 annos
266 1723 379 1774 regni
405 1722 595 1761 habentes
624 1724 692 1773 qui
722 1730 883 1762 currant
912 1724 962 1763 ab
993 1736 1096 1763 anno
1125 1730 1194 1762 aut
1224 1724 1274 1763 37
1305 1739 1344 1775 p.
1366 1723 1461 1763 Chr.
1491 1732 1561 1763 aut
1590 1725 1642 1763 38
1657 1724 1708 1774 ⁷).
1757 1725 1880 1763 Prae·

108 1797 221 1832 terea
246 1793 289 1830 in
306 1791 545 1842 quibusdam
576 1803 715 1830 eorum
744 1805 993 1832 nummorum
1022 1793 1071 1830 ab
1098 1793 1227 1831 altera
1254 1798 1366 1842 parte
1395 1798 1515 1842 caput
1541 1792 1732 1831 cernitur·
1743 1793 1880 1831 mulie·

110 1860 181 1900 bre
209 1873 299 1899 cum
327 1859 595 1910 adscriptione
623 1854 861 1907 Βασιλίτσ-ης
881 1855 1097 1915 Τρυφαίνης
1110 1861 1163 1911 8).
1214 1860 1318 1899 Eum
1346 1861 1604 1900 Polemonem
1634 1861 1759 1899 filium
1790 1873 1880 1900 esse

217 2066 252 2108 ¹)
284 2068 319 2100 A
334 2067 549 2110 Vespasiano
576 2067 712 2099 demum
739 2068 796 2110 qni
822 2069 1032 2110 provinciam
1051 2064 1236 2101 Thraciam
1256 2071 1476 2103 constitutam
1494 2078 1568 2103 esse
1587 2070 1715 2110 dicunt,
1744 2069 1879 2112 decepti

113 2133 193 2162 sunt
216 2128 307 2162 falsa
329 2129 476 2161 lectione
493 2128 584 2171 apud
603 2129 804 2163 Suetonium
821 2130 926 2172 Vesp.
944 2131 963 2162 8
989 2129 1167 2162 Thraciam
1189 2128 1342 2164 Ciliciam
1366 2142 1430 2174 pro
1452 2141 1493 2164 eo
1518 2131 1610 2174 quod
1636 2135 1687 2163 est
1712 2129 1877 2163 trachiam

116 2188 282 2223 Ciliciam.
351 2190 457 2224 Recte
509 2190 551 2222 de
598 2199 639 2222 ea
685 2200 722 2222 re
770 2196 848 2232 post
894 2191 981 2223 alios
1022 2202 1131 2234 nuper
1181 2193 1250 2235 egit
1308 2193 1512 2236 Marquardt
1553 2191 1878 2236 Staatwerwaltunq

120 2253 154 2292 1,
183 2252 265 2284 15⁷.

212 2309 246 2352 ²)
276 2312 395 2344 Armis
423 2311 616 2344 libertatem
647 2312 842 2344 defendisse
874 2313 1027 2346 Thracas
1060 2314 1239 2356 syncellus
1275 2316 1323 2347 ait
1358 2316 1394 2355 (l.
1421 2315 1481 2356 c.)‚
1520 2321 1558 2348 ut
1589 2321 1691 2348 antea
1708 2315 1875 2364 §fecerant

38 2382 46 2402 ἰ
115 2382 148 2407 a.
167 2374 214 2406 26
240 2372 394 2414 (Tacitus
419 2383 499 2405 ann.
517 2374 552 2413 4,
571 2373 644 2413 46).
695 2374 837 2407 Tacitus
860 2375 920 2407 ubi
946 2376 991 2408 ad
1016 2385 1047 2408 a.
1068 2376 1113 2409 53
1141 2376 1235 2416 (ann.
1256 2378 1312 2417 12,
1333 2377 1394 2417 63)
1421 2377 1469 2409 ait
1492 2377 1679 2419 Byzantios
1712 2375 1876 2409 Thraecio

113 2433 377 2479 Bosporanoque
395 2432 480 2466 bello
505 2445 620 2467 recens
633 2434 756 2477 sessos,
784 2436 950 2479 intellegit
967 2437 1174 2475 Thraecium
1201 2448 1232 2469 a.
1251 2439 1297 2470 46
1325 2438 1433 2478 (cuius
1456 2439 1538 2470 anni
1563 2449 1617 2471 res
1642 2443 1756 2480 gestae
1785 2438 1877 2480 apud

114 2496 273 2530 Tacitum
298 2495 547 2536 desiderantur)
571 2495 877 2540 Bosporanumque
902 2508 932 2530 a.
951 2499 1010 2531 49.
1052 2499 1140 2530 Eam
1164 2499 1274 2541 ipsam
1293 2500 1545 2541 expeditionem
1564 2496 1733 2541 significat
1759 2500 1882 2541 opinor

32 2551 45 2589 ’ξ
113 2558 231 2590 titulus
257 2557 513 2590 Castulonensis
537 2558 576 2590 11
600 2568 634 2589 n.
662 2557 757 2590 3272
784 2557 843 2600 (cf.
869 2570 903 2591 n.
931 2559 1039 2599 2079)
1071 2559 1237 2602 praefecti
1267 2560 1519 2592 vexillariorum
1549 2562 1585 2593 in
1616 2559 1765 2593 Trachia
1789 2558 1878 2600 XV;

22 2621 49 2648 ἒ
111 2628 193 2652 nam
218 2618 370 2660 legiones
402 2618 498 2658 duas,
531 2628 673 2661 quarum
704 2620 981 2652 vexillationibus
1007 2621 1133 2653 bellum
1164 2622 1199 2653 id
1224 2627 1356 2664 gestum
1382 2632 1455 2654 esse
1482 2623 1637 2662 traditur,
1672 2620 1720 2661 [V
1744 2621 1876 2662 Mace]

98 2679 275 2723 ‚danicam
300 2684 334 2710 et
357 2680 448 2711 VIII
471 2679 676 2722 Augustam,
711 2681 846 2713 Claudii
871 2682 1087 2724 Neroni-sque
1121 2688 1273 2724 tempore
1312 2683 1444 2715 vicinae
1469 2684 1623 2715 Moesiae
1648 2683 1880 2725 praetendisse

114 2744 174 2772 aut
204 2745 331 2772 certum
362 2745 414 2772 est
447 2746 505 2772 aut
535 2742 723 2783 probabile.
775 2758 820 2763 -—-
870 2744 983 2775 ‘Anno
1018 2742 1063 2775 66
1097 2754 1131 2785 p.
1158 2743 1239 2775 Chr.
1276 2744 1426 2776 Thracia
1455 2744 1671 2777 obtinebatur
1708 2744 1881 2785 praesidio

116 2800 274 2834 Romano
298 2801 445 2833 militum
471 2807 632 2844 quattuor
656 2803 790 2835 milium
815 2803 965 2846 (Ioseph.
990 2804 1069 2836 bell.
1095 2804 1172 2836 Iud.
1201 2806 1233 2845 2,
1255 2805 1312 2846 16,
1332 2805 1379 2845 4).

222 2859 256 2901 ²)
288 2861 419 2894 Vol.v
444 2873 478 2894 n.
498 2863 567 2895 386
595 2877 639 2889 =
666 2863 772 2896 Orell.
800 2864 882 2896 512.

182 2931 187 2935 ’
220 2920 256 2962 ⁴)
282 2918 382 2952 Ἐπεὶ
409 2944 467 2954 ...
495 2921 596 2960 Γάιος
618 2923 753 2968 Καῖσαρ
773 2919 949 2966 Escae-134
974 2918 1174 2969 Γερμανικὲς
1202 2948 1386 2960 ........
1414 2918 1490 2962 ml,-
1514 2917 1641 2963 Κότυος
1668 2948 1677 2957 .
1696 2949 1704 2957 .
1723 2948 1733 2957 .
1758 2923 1880 2963 παῖδας

114 2974 358 3027 Ῥοιμητοῖλκην
387 2981 442 3014 καὶ
467 2981 659 3025 Πολέμωνα
690 2981 746 3016 καὶ
770 2979 880 3017 Κότυν
908 3008 916 3016 .
933 3009 966 3017 ..
996 2986 1041 3023 εἰς
1073 2981 1133 3023 τᾶς
1165 2985 1198 3018 ἐκ
1230 2979 1355 3019 πάντων
1387 2983 1443 3019 καὶ
1469 2987 1544 3027 (sic)
1578 2978 1742 3030 προγᾶνων
1768 2984 1880 3023 αὐτοῖς

120 3038 340 3086 ὀφειλομένας
364 3040 635 3075 avranches-ram
660 3043 851 3085 βασιλείας.

222 3102 254 3143 ⁵)
288 3103 398 3137 Sallet
420 3102 582 3147 Beitrziye
606 3116 665 3136 zur
685 3105 800 3139 Gesck.
819 3106 890 3139 und
912 3105 1012 3139 Num.
1034 3107 1091 3139 des
1108 3106 1239 3151 Kdniqs
1264 3108 1322 3141 des
1338 3108 1467 3141 Pontus
1491 3119 1523 3150 p.
1545 3109 1602 3141 69.
1643 3109 1879 3152 Waddington

118 3162 287 3207 me'lanqee
311 3163 351 3196 de
376 3164 523 3196 numism.
551 3166 585 3205 2,
614 3166 693 3198 115.

222 3223 255 3265 ⁶)
291 3225 404 3259 strab.
426 3226 481 3265 12,
503 3225 535 3265 3,
556 3226 576 3258 9
604 3237 638 3268 p.
658 3226 739 3259 555.
790 3228 843 3260 Cf.
862 3228 1006 3270 Ephem.
1029 3230 1060 3269 1,
1082 3230 1162 3261 270.

223 3283 255 3326 ⁷)
290 3286 400 3319 Sallet
422 3286 444 3317 l.
465 3296 494 3318 c.
519 3297 552 3327 p.
574 3287 615 3318 71
637 3297 707 3329 seq.

223 3344 257 3388 ⁸)
289 3347 399 3393 Sallet
422 3347 446 3379 1.
464 3357 493 3379 c.
518 3358 552 3390 p.
574 3348 631 3380 76.
