2222 3594
669 252 877 294 QvAas'r.
904 252 1195 286 onom'roL.
1222 255 1255 287 1.
1780 241 1843 287 29

79 345 232 408 nullum
261 381 431 419 unquam
461 367 687 418 exemplum
717 367 894 418 repperi;
925 367 1142 404 Turannius
1172 373 1231 405 ter
1260 369 1450 417 scriptum
1480 374 1543 406 est
1571 369 1611 406 in
1641 368 1756 406 titulo
1787 382 1848 406 ur-

79 437 185 475 bano
213 436 318 487 apud
337 435 581 474 Fabrettium
612 448 650 485 p.
673 435 766 482 386,
788 434 866 472 227
898 435 1070 484 itemque
1099 435 1140 472 in
1169 435 1285 473 titulo
1314 436 1555 474 christianae
1576 436 1717 474 aetatis
1739 436 1847 488 apud

79 505 247 543 eundem
274 517 315 555 p.
335 503 428 551 386,
450 503 543 549 324,
578 503 774 540 Turannia
801 503 862 540 bis
893 503 999 553 apud
1027 503 1287 540 Muratorium
1319 516 1357 553 p.
1382 503 1500 549 1282,
1522 504 1545 542 6
1576 506 1618 548 in
1648 505 1765 543 titulo
1795 517 1846 542 ex

79 572 237 611 schedis
255 572 442 610 Accursii
471 571 694 621 desumpto,
724 583 826 620 quae
857 571 984 608 bonae
1013 570 1103 608 fidei
1134 576 1239 608 sunt.
1290 569 1370 609 Sed
1399 579 1533 621 potest
1561 573 1603 610 in
1631 573 1695 611 his
1714 586 1847 611 exem-

77 640 158 691 plis
188 646 258 678 aut
283 644 455 678 erratum
484 651 574 678 esse
603 652 629 676 a
655 639 838 689 lapicidis
868 639 1229 689 descriptoribusve
1258 646 1327 676 aut
1351 639 1572 678 derivatum
1594 653 1684 679 esse
1703 653 1849 679 nomen

78 719 168 746 cnm
202 719 327 759 pravo
362 707 564 746 doctrinae
600 706 733 744 studio
769 720 795 744 a
827 700 1002 761 τόξαννος
1032 705 1187 745 Graeco
1223 707 1432 744 vocabulo.
1492 706 1692 759 Compara
1718 708 1847 747 Verrii

76 774 214 813 Flacci
250 775 555 825 explicationem
591 788 615 812 a
644 774 766 813 Festo
802 789 840 826 p.
863 775 956 821 355,
981 775 1029 812 15
1068 783 1286 813 servatam:
1330 775 1528 813 Turannos
1557 776 1740 814 Etruscos
1774 790 1845 827 ap-

70 843 217 893 pellari
243 843 373 882 solitos
402 847 456 882 ait
481 844 634 882 Verrius
664 856 690 880 a
714 843 907 881 Turrheno
937 844 1030 881 duce
1054 842 1267 893 Lydorum,
1298 857 1322 881 a
1352 846 1459 881 cuius
1486 847 1608 893 yente's
1631 848 1845 894 praecipua

75 912 298 950 crudelitate
326 914 437 950 etiam
467 919 648 962 tyrannos
677 912 795 948 dictos
811 911 863 960 ¹).

183 979 405 1018 Adiectivis
440 979 678 1017 formatione
713 979 893 1029 aequalis
929 985 991 1017 est
1024 979 1216 1017 similisve
1247 992 1391 1030 magna
1420 981 1698 1030 cognominum
1729 994 1843 1031 pars3

73 1058 200 1097 neque
235 1047 379 1086 desunt
413 1048 650 1098 cognomina
685 1047 726 1084 in
755 1060 852 1085 anus
880 1047 1064 1085 formata.
1120 1047 1261 1097 Itaque
1297 1048 1345 1086 de
1375 1049 1599 1086 nominibus
1629 1050 1843 1100 gentiliciis

70 1114 113 1153 in
139 1127 238 1153 anus
273 1116 504 1166 quaesituro
541 1122 620 1154 tam
657 1115 893 1165 cognomina
926 1115 966 1152 in
995 1127 1093 1153 anus
1130 1128 1247 1165 quam
1278 1116 1479 1167 gentilicia
1507 1118 1547 1154 in
1578 1120 1690 1156 anius
1718 1118 1844 1168 respi-

72 1182 214 1222 cienda
247 1189 352 1222 sunt.
409 1182 502 1222 Non
537 1183 625 1221 dico
660 1184 701 1221 in
731 1186 843 1220 anius
872 1183 1075 1234 gentilicia
1104 1183 1283 1222 derivata
1312 1196 1401 1223 esse
1433 1185 1567 1223 omnia
1596 1198 1646 1223 ex
1678 1186 1843 1224 nomini-

70 1251 147 1290 bus
182 1257 250 1290 aut
283 1251 584 1302 cognominibus
620 1252 663 1289 in
698 1264 813 1297 anu3;
855 1250 923 1288 sed
959 1250 1123 1289 redeunt
1157 1252 1198 1290 in
1234 1265 1314 1290 uno
1352 1265 1509 1303 quoque
1538 1254 1657 1292 trium
1686 1254 1843 1292 illorum

71 1330 258 1369 generum
293 1319 448 1358 radices
484 1319 643 1357 eaedem
682 1319 896 1357 similesve.
956 1317 1056 1357 Cum
1088 1332 1182 1357 vero
1216 1333 1286 1370 per
1316 1332 1358 1358 se
1389 1321 1591 1370 probabile
1621 1322 1674 1359 sit
1701 1322 1742 1359 in
1772 1335 1843 1360 no-

70 1387 245 1426 minibus
283 1387 465 1426 similiter
500 1394 618 1438 atque
658 1388 697 1425 in
736 1387 989 1438 appellativis
1029 1400 1079 1424 an
1118 1388 1309 1426 suffixum
1348 1389 1539 1438 originem
1575 1389 1759 1436 localem,
1799 1397 1843 1428 ut

70 1454 244 1494 breviter
272 1455 415 1502 dicam,
444 1455 657 1502 indicasse,
687 1468 735 1493 ea
764 1461 917 1492 tantum
947 1467 998 1492 ex
1028 1456 1329 1505 cognominibus
1358 1457 1398 1494 in
1428 1470 1525 1495 anus
1554 1457 1843 1508 gentiliciisqu'e

68 1523 111 1560 in
140 1525 252 1562 anius
287 1524 351 1561 hic
379 1524 661 1570 considerabo,
697 1536 798 1573 quae
827 1528 934 1561 certo
964 1524 1273 1573 probabiliterve
1304 1524 1354 1562 ad
1384 1525 1469 1562 eius
1500 1526 1657 1575 generis
1686 1526 1842 1564 radices

70 1597 239 1640 possunt
266 1590 416 1629 referri.

181 1658 307 1697 Aliud
334 1659 438 1697 enim
470 1665 676 1709 praeterea
703 1665 814 1698 extat
843 1647 1119 1711 cognominum
1148 1660 1335 1710 frequens
1357 1661 1692 1699 adiectivorumve
1713 1674 1840 1712 genus

73 1725 184 1775 (nam
220 1732 428 1777 utrumque
464 1728 592 1766 dicere
627 1727 782 1778 possis)
819 1728 859 1765 in
895 1740 992 1765 anus
1027 1727 1305 1776 formatorum,
1343 1741 1445 1778 quae
1481 1729 1673 1779 originem
1703 1742 1781 1767 non
1819 1743 1842 1768 a

69 1793 188 1840 locis,
224 1794 295 1833 sed
329 1795 379 1833 ab
415 1795 638 1834 hominibus
675 1802 892 1834 traxerunt.
953 1794 1031 1843 Qui
1067 1809 1117 1833 ex
1153 1808 1226 1834 sua
1260 1803 1375 1846 gente
1412 1809 1482 1846 per
1517 1797 1771 1848 adoptionem
1801 1799 1841 1837 in

70 1861 190 1900 aliam
217 1862 470 1910 transierunt,
499 1875 569 1901 eos
596 1863 741 1914 prioris
770 1863 901 1915 gentis
930 1863 1211 1902 indicationem
1242 1865 1466 1903 servavisse
1496 1873 1632 1904 notum
1662 1872 1724 1905 est
1749 1878 1842 1916 cog-

69 1929 296 1968 nominibus
325 1943 378 1969 ex
405 1931 534 1981 gentis
564 1931 775 1981 primariae
805 1932 962 1970 nomine
992 1945 1064 1982 per
1089 1945 1186 1970 anus
1207 1932 1392 1970 suffixum
1414 1933 1615 1981 formatis3
1646 1941 1689 1973 ut
1708 1934 1842 1973 Paulli

67 1997 232 2036 Aemilii
267 1998 374 2037 filius
410 1999 537 2038 dictus
574 2005 635 2038 est
665 1998 800 2049 Scipio
829 1999 1091 2038 Aemilianus.
1150 1999 1240 2038 Hoc
1269 2008 1402 2039 utrum
1431 2003 1657 2040 necessario
1686 2015 1842 2053 semper

67 2064 125 2104 ita
151 2065 375 2105 institutum
402 2067 523 2106 fuerit
552 2079 675 2105 necne
704 2067 768 2105 hic
798 2080 876 2105 non
907 2080 1019 2115 curo;
1058 2073 1206 2106 certum
1236 2074 1367 2107 autem
1398 2076 1459 2108 est
1488 2070 1725 2120 cognomina
1752 2071 1838 2109 eius

68 2133 224 2183 generis
253 2134 434 2173 extitisse
465 2147 542 2173 non
572 2148 710 2185 pauca,
740 2142 780 2174 et
809 2136 859 2173 ab
888 2137 975 2174 eius
1004 2137 1152 2174 formae
1176 2137 1479 2187 cognominibus
1501 2139 1618 2176 etiam
1639 2139 1840 2190 gentilicia

66 2200 228 2240 formari
261 2202 440 2253 potuisse
475 2204 515 2241 in
550 2206 674 2242 anius.
732 2203 922 2242 Pariliter
950 2205 1055 2243 servi
1084 2205 1235 2254 publici
1266 2205 1334 2255 (ut
1363 2206 1685 2244 Mommsenus
1716 2219 1838 2256 expo·

68 2269 150 2308 suit
175 2270 268 2308 ro‘m.
290 2269 529 2310 Staatsrecht
550 2273 568 2309 1
602 2284 639 2322 p.
664 2270 762 2321 252)
794 2272 977 2322 servique
1007 2272 1210 2320 nobilium,
1240 2274 1307 2323 qui
1328 2274 1367 2311 in
1389 2273 1506 2312 aliam
1529 2275 1688 2312 domum
1708 2282 1838 2313 trans-

66 2336 197 2375 ierunt
224 2338 440 2377 hereditate
462 2339 524 2378 vel
544 2339 624 2376 alio
644 2339 763 2377 modo
794 2340 856 2389 (ut
884 2348 1006 2391 emptu
1030 2340 1310 2380 Germanianus
1329 2341 1398 2379 ille
1427 2341 1472 2381 C.
1495 2342 1528 2380 Ι.
1548 2342 1594 2380 L.
1617 2342 1674 2389 ΙΙ,
1696 2341 1838 2392 2641),

66 2404 213 2454 prioris
247 2405 395 2444 domini
430 2419 574 2445 nomen
611 2414 870 2446 servaverunt
906 2408 1051 2446 additis
1086 2409 1293 2448 adieetivis
1329 2410 1370 2447 in
1400 2422 1496 2448 anus
1525 2410 1705 2448 formatis
1741 2409 1840 2460 (qua

67 2471 117 2510 de
146 2486 188 2511 re
208 2473 478 2513 Mommsenus
508 2475 610 2513 dixit
628 2474 848 2514 Hermae'2
879 2489 918 2525 p.
943 2476 1019 2514 157
1030 2477 1096 2527 s.).
1148 2476 1215 2516 Sic
1243 2490 1381 2516 servos
1409 2478 1625 2516 libertosve
1655 2478 1836 2516 novimus

66 2540 258 2579 Acteanos
283 2541 547 2592 Aqrippianos
573 2542 782 2581 Galbianos
807 2544 1118 2583 Maecenatianos
1140 2545 1360 2584 Drusianos
1391 2545 1704 2584 Germanicianos
1729 2545 1836 2583 Dru-

66 2608 243 2648 sillianos
277 2609 579 2648 Claudianianos
608 2610 879 2650 Pallantianos
908 2613 1160 2662 Poppaeanos
1173 2611 1225 2663 2).
1284 2614 1496 2652 Postremo
1535 2614 1740 2652 sollemnis
1776 2620 1838 2651 est

66 2687 163 2715 anus
191 2678 414 2716 terminatio
443 2679 483 2716 in
513 2691 698 2729 agrorum
728 2692 955 2730 camporum
977 2681 1186 2719 fundorum
1206 2682 1410 2719 hortorum
1431 2681 1683 2732 praediorum
1703 2681 1836 2719 vinea-

36 2795 41 2801 .
64 2756 152 2782 rum
182 2745 364 2784 villarum
392 2746 631 2785 rusticarum
660 2748 887 2785 nominibus
917 2761 941 2786 a
970 2748 1143 2787 dominis
1170 2749 1379 2795 derivati33
1408 2755 1565 2799 praeter
1584 2749 1741 2788 tabulas
1762 2749 1835 2786 ali-

31 2803 35 2809 ’
65 2813 295 2861 mentarias,
323 2826 421 2864 quas
450 2815 653 2863 habemus,
683 2815 917 2854 Mommseni
948 2816 998 2854 ad
1027 2817 1305 2867 inscriptiones
1334 2817 1623 2867 Neapolitanas
1653 2816 1712 2867 (p.
1733 2816 1834 2866 463)

65 2885 106 2917 et
140 2879 320 2920 Henzeni
366 2882 417 2919 ad
462 2883 646 2933 syllogen
684 2882 926 2922 Orellianam
971 2884 1031 2933 (p.
1064 2883 1141 2934 22)
1187 2885 1338 2923 indices
1380 2885 1506 2922 multa
1548 2885 1634 2922 eius
1676 2884 1834 2935 generis

8 2966 27 2985 z
66 2948 252 2999 exempla
279 2951 481 3000 praebent.

175 3015 287 3054 Haec
325 3017 373 3055 de
410 3018 555 3067 quibus
591 3018 731 3056 ultimo
768 3019 857 3057 loco
896 3020 980 3057 dixi
1018 3032 1164 3070 genera
1198 3020 1240 3057 id
1279 3033 1486 3059 commune
1522 3019 1688 3067 habent,
1727 3020 1834 3070 quod

0 3083 6 3089 “
66 3094 155 3121 cum
190 3095 216 3120 a
248 3084 474 3123 nominibus
510 3086 721 3135 gentiliciis
757 3086 799 3123 in
835 3089 894 3124 ius
929 3087 1150 3125 terminatis
1188 3088 1365 3126 derivata
1395 3088 1476 3126 sint
1503 3087 1620 3137 longe
1647 3087 1832 3137 plurima,

167 3246 199 3287 ¹)
235 3247 290 3279 De
308 3247 477 3282 Oscorum
502 3223 717 3281 dekmanm‘c'fs
740 3251 777 3282 in
802 3250 1007 3282 Mommseni
1033 3250 1114 3282 dial.
1141 3252 1184 3284 It.
1210 3252 1272 3284 inf.
1298 3262 1331 3293 p.
1353 3252 1421 3284 225
1448 3251 1593 3284 fortasse
1619 3252 1719 3285 aliter
1743 3253 1831 3285 iudi-

0 3307 4 3346 ζ
66 3307 227 3340 candum.

171 3366 203 3409 ²)
241 3368 295 3402 cf.
322 3368 429 3403 Orelli
455 3370 604 3403 2991ss.
630 3371 774 3404 Henzen
799 3372 906 3404 6255.
933 3372 1042 3405 6351.
