2222 3594
0 641 3 643 >
75 623 335 667 erouiws

75 738 336 777 uernans

0 1984 8 2038 ζ,
79 1987 280 2028 Mvsms

595 251 602 261 «
667 238 875 279 Ques-r,
901 211 1188 271 onom'ron.
1213 239 1247 271 1.
1772 223 1835 270 41

399 353 591 392 Mariana
619 352 832 403 Calpurnia
860 354 1022 392 Aesone
1048 353 1091 391 in
1118 352 1316 403 Hispania
1345 353 1640 392 Tarraconensi
1669 350 1716 390 C.
1736 352 1769 390 I.
1789 350 1839 390 L.

508 421 552 460 II
572 421 693 460 4465.

398 489 464 529 De
491 489 672 529 Mariano
706 493 839 528 monte
875 489 1125 539 metallisque
1154 489 1348 540 Marianis
1378 490 1420 527 in
1448 488 1646 539 Hispania
1675 488 1759 527 dixi
1789 488 1841 526 ad

401 557 447 598 C.
468 558 503 596 Ι.
521 557 572 597 L.
591 558 634 596 II
654 557 776 596 2269.
834 555 1068 609 Cognomen
1096 557 1268 596 Mariani
1295 558 1482 607 frequens
1512 563 1585 596 est.

405 627 447 666 C.
467 624 718 665 *Mevulanus
747 625 931 664 tribunus
960 626 1131 664 militum
1159 626 1325 663 Antonii
1353 626 1395 663 in
1425 624 1630 664 Ciceronis
1656 623 1843 664 Sestiana

512 696 551 740 4,
573 695 611 733 9.
654 694 718 732 Ita
746 706 798 732 ex
826 693 941 732 libris
962 693 1149 732 Parisino
1176 700 1216 732 et
1235 692 1514 732 Gemblacensi
1543 693 1719 732 restituit
1738 693 1840 731 Hal-

511 763 635 809 mius;
664 762 853 801 edebatur
881 767 999 800 antea
1027 760 1073 800 C.
1101 761 1297 800 Aulanus.
1346 761 1466 811 Quod
1494 762 1535 800 in
1557 760 1843 801 Gemblacensi

511 831 562 869 ab
591 830 717 869 altera
746 814 880 869 manu*
894 836 1111 868 correctum
1141 837 1203 869 est
1227 829 1451 869 Met-clauus
1480 830 1742 880 antiquiorem
1774 842 1843 867 vo-

510 898 636 938 calem
665 898 827 946 indicat,
857 905 901 936 ut
927 898 969 936 in
995 898 1208 947 Aesolanus
1238 899 1467 948 Aefulanus.
1557 891 1562 894 ⁷

400 968 581 1007 Alterum
601 967 773 1006 nominis
793 966 1019 1018 exemplum
1041 971 1191 1005 certum
1212 978 1292 1005 non
1312 967 1508 1018 suppetit3
1534 979 1624 1005 nam
1646 969 1695 1004 n.
1718 962 1843 1007 Τίτιος

398 1029 648 1081 Μηουβιεινδς
675 1030 837 1084 Κ[ι’]ὶ.ων
866 1034 1068 1073 Trallibus
1099 1033 1145 1074 C.
1172 1034 1205 1073 Ι.
1234 1033 1304 1074 Gr.
1334 1033 1443 1074 2930
1477 1036 1519 1073 in
1547 1035 1662 1074 titulo
1692 1035 1841 1074 saeculi

398 1104 518 1155 primi
546 1103 777 1141 Maeniana
805 1103 1038 1155 cognomine
1067 1103 1194 1141 altero
1223 1103 1379 1141 videtur
1407 1103 1535 1142 dictus
1564 1103 1700 1142 fuisse.
1761 1102 1843 1143 Sed

398 1173 496 1211 latet
531 1171 614 1210 hoc>
641 1184 786 1210 nomen
822 1172 900 1210 nisi
937 1172 1070 1210 omnia
1105 1171 1248 1210 fallunt
1284 1173 1324 1210 in
1355 1171 1472 1210 titulo
1503 1171 1654 1209 urbano
1684 1178 1842 1210 vetusto

400 1239 446 1280 C.
467 1240 502 1278 Ι.
522 1239 569 1278 L.
600 1240 620 1278 Ι
642 1239 721 1278 638
751 1253 789 1277 v.
812 1238 857 1287 2,
893 1253 1007 1290 quem
1038 1240 1219 1290 Ryckius
1248 1241 1363 1278 testis
1394 1240 1534 1278 unicus
1564 1241 1620 1278 ita
1647 1240 1744 1291 legit
1774 1269 1784 1277 .
1802 1270 1811 1278 .
1829 1269 1839 1277 .

398 1319 596 1347 τήκει-Ὗ.
614 1337 624 1346 .
644 1338 653 1346 .
671 1338 681 1346 .
711 1320 759 1346 τ·
776 1319 810 1346 F.
868 1307 1038 1347 Videtur
1074 1315 1207 1346 autem
1241 1308 1355 1347 initio
1384 1308 1485 1346 nihil
1513 1308 1667 1347 deesse.
1724 1307 1841 1357 Quod

400 1377 670 1416 Mommsenus
704 1377 839 1428 posuit
872 1377 912 1414 T.
944 1377 1082 1414 Aebuti
1110 1377 1168 1414 M.
1190 1379 1228 1427 s.
1258 1390 1282 1414 a
1310 1376 1456 1415 tradita
1484 1376 1653 1415 lectione
1682 1377 1841 1427 longius

400 1446 562 1484 recedit.

454 1513 639 1552 Mevania
657 1512 846 1552 Umbriae
876 1520 987 1560 nota3
1018 1513 1088 1551 sed
1109 1512 1301 1552 Umbrum
1324 1512 1540 1551 secundum
1561 1513 1728 1551 formam
1747 1526 1839 1565 gen-

402 1581 472 1620 tile
500 1581 695 1632 quanas,
724 1582 837 1620 cuius
867 1595 987 1620 unum
1016 1582 1107 1620 novi
1137 1582 1360 1632 exemplum
1390 1594 1512 1633 supra
1539 1582 1618 1620 iam
1647 1594 1840 1620 memora-

400 1656 485 1688 tum
511 1651 552 1688 in
574 1650 691 1688 titulo
713 1648 973 1688 Cremonensi
1001 1649 1064 1699 (C.
1085 1650 1280 1699 Mesanati
1302 1640 1457 1689 Gracili
1483 1648 1529 1689 C.
1550 1650 1583 1688 I.
1604 1649 1652 1688 L.
1674 1650 1712 1687 V
1732 1649 1840 1689 4122

402 1735 452 1752 =
475 1717 599 1758 Orell.
622 1717 764 1768 4080).
815 1718 868 1756 Et
893 1717 1043 1757 Merula
1072 1716 1324 1764 Sabinorum,
1353 1731 1455 1768 quae
1485 1725 1592 1757 certo
1621 1725 1738 1758 antea
1758 1719 1843 1756 Me·

399 1785 482 1824 fola
510 1793 613 1833 erat,
648 1787 813 1837 propius
841 1786 959 1825 etiam
988 1786 1160 1833 accedit,
1190 1793 1233 1824 ut
1260 1786 1464 1825 adnotavit
1492 1786 1764 1826 Mommsenns
1793 1787 1842 1826 de

400 1854 493 1893 dial.
513 1854 564 1893 It.
583 1854 654 1892 inf.
684 1867 722 1905 p.
745 1854 838 1893 343.
887 1854 1021 1906 Pagus
1032 1855 1242 1904 „Meflanus
1262 1854 1479 1894 Beneventi
1509 1855 1667 1906 saepius
1696 1867 1841 1894 memo·

399 1925 513 1962 ratur
539 1923 580 1961 in
609 1922 743 1961 tabula
772 1923 1023 1961 alimentaria
1050 1922 1243 1975 Ligurum
1274 1922 1580 1962 Baebianorum.

402 1990 453 2029 P.
479 1990 671 2030 Musanus
700 1991 751 2029 A.
781 1991 807 2029 l.
838 1991 1063 2041 Pamphilus

399 2059 446 2098 P.
475 2059 667 2098 Humum
695 2059 741 2097 P.
773 2059 798 2097 l.
829 2059 1059 2109 Philoqones

399 2127 447 2166 P.
475 2127 666 2166 Musanus
695 2126 743 2165 P.
784 2127 808 2164 l.
839 2127 1075 2166 Philocrates
1109 2127 1361 2166 Interamnae
1397 2126 1634 2167 Nabartium
1665 2128 1711 2168 C.
1738 2129 1770 2168 Ι.
1794 2128 1841 2168 L.

511 2196 531 2234 1
554 2195 672 2235 1405.

400 2263 490 2303 Nec
523 2277 550 2302 a
575 2264 702 2302 Musis
739 2276 866 2314 neque
901 2277 927 2302 a
962 2265 1180 2303 mussando
1216 2264 1279 2315 (ut
1306 2265 1522 2316 Bergkium
1552 2265 1668 2303 video
1704 2265 1843 2304 distin-

401 2345 522 2383 guere
550 2332 667 2370 Musa
705 2344 922 2382 cognomen
950 2332 1138 2372 Latinum
1173 2347 1197 2371 a
1227 2335 1366 2371 Μοῦστε
1401 2335 1441 2372 in
1477 2333 1647 2372 editione
1682 2346 1756 2372 sua
1783 2335 1843 2372 in-

402 2401 503 2440 dicis
530 2413 663 2439 rerum
694 2402 744 2439 ab
773 2401 958 2451 Augusto
987 2407 1190 2452 gestarum
1219 2416 1258 2453 p.
1284 2402 1375 2452 13),
1403 2401 1475 2440 sed
1503 2415 1527 2440 a
1555 2402 1643 2440 loco
1672 2403 1843 2452 quodam

403 2481 546 2508 nomen
574 2469 651 2507 hoc
679 2469 949 2507 derivandum.
999 2468 1236 2520 Comparari
1258 2476 1389 2520 potest
1409 2470 1630 2509 Tuscorum
1651 2471 1844 2509 Musarna

404 2537 472 2587 (cf.
502 2537 632 2576 annal.
662 2537 785 2575 instit.
816 2538 1013 2577 archaeol.
1044 2550 1080 2575 a.
1104 2539 1206 2577 1851
1239 2552 1279 2589 p.
1301 2538 1454 2588 51ss.).

407 2605 459 2644 L.
492 2605 774 2656 Neapolitanus
808 2604 1005 2644 Liberalis
1039 2605 1211 2656 Neapoli
1247 2606 1280 2644 Ι.
1310 2606 1363 2645 N.
1391 2606 1499 2646 3275
1534 2607 1574 2645 in
1610 2607 1727 2645 titulo
1764 2619 1842 2644 non

517 2673 729 2712 admodum
757 2679 926 2712 vetusto.

409 2741 496 2781 Sex.
517 2741 712 2780 Ner-ianus
734 2740 822 2780 Sex.
840 2743 877 2791 s.
900 2742 1178 2793 Clu(stumina)
1201 2742 1381 2789 Clemens,
1398 2744 1616 2793 praefectus
1637 2744 1800 2780 cohortis
1819 2743 1849 2780 I

516 2810 785 2848 Montanorum
814 2823 850 2847 a.
873 2810 925 2848 80
954 2811 994 2848 in
1024 2810 1239 2861 diplomate
1267 2811 1430 2850 militari
1459 2810 1505 2850 C.
1527 2812 1558 2849 Ι.
1581 2810 1627 2848 L.
1658 2810 1736 2857 III,
1756 2822 1814 2848 x1.

406 2879 494 2918 Sex.
523 2878 719 2916 Ner-ianus
750 2878 861 2916 Felix
886 2878 1040 2917 Romae
1069 2879 1250 2917 Fabretti
1269 2879 1364 2927 586,
1388 2879 1478 2918 186.

407 2947 494 2986 δα.
524 2946 718 2999 Ner-{anus
746 2946 929 2984 Romulus
958 2946 1111 2985 Romae
1141 2946 1268 2985 Orelli
1289 2948 1409 2986 5048.

407 3013 599 3065 Eiusdem
632 3014 809 3052 familiae
844 3014 970 3052 fuisse
1008 3020 1089 3052 tres
1127 3015 1220 3052 illos
1255 3016 1434 3054 homines
1469 3027 1711 3064 praenomen
1738 3014 1845 3053 idem

408 3082 549 3131 arguit.

464 3149 568 3186 Nero
597 3161 738 3187 nomen
758 3148 967 3196 Umbrum,
998 3150 1118 3188 Nerio
1147 3151 1293 3189 flumen
1312 3150 1431 3196 Latii,
1461 3149 1609 3188 Nerius
1637 3156 1678 3188 et
1699 3151 1844 3189 Nerius

409 3216 611 3266 gentilicia
638 3218 922 3265 comparanda;
954 3229 1057 3266 quae
1085 3223 1211 3255 utrum
1240 3218 1383 3267 partim
1413 3217 1463 3254 ad
1490 3231 1564 3256 nar
1590 3218 1762 3257 radicem
1783 3232 1845 3257 re-

409 3284 573 3322 ferenda
606 3284 685 3322 sint
719 3297 840 3323 necne
876 3285 940 3323 hic
975 3298 1055 3323 non
1093 3297 1251 3336 quaero.
1310 3285 1407 3324 Loci
1436 3297 1579 3325 nomen
1608 3286 1737 3326 simile
1763 3299 1843 3326 non

413 3363 517 3393 now.
