2222 3594
498 210 587 246 .sc.
612 211 679 244 mi:
702 210 947 248 anmms
972 209 1158 245 SALTvs
1179 210 1473 245 Bnovmsxs.
1769 197 1866 244 279

106 330 283 378 mcum
313 339 383 368 suo
403 327 622 379 postularet
647 334 716 366 aut
744 327 879 366 bellum
905 327 1172 378 inexplicabile
1197 329 1445 367 minitaretur.
1501 326 1594 365 Non
1618 327 1721 366 alias
1749 329 1870 378 maqis

69 387 180 451 {im
201 395 410 447 populique
435 396 601 435 Romam·
628 395 851 435 contumelia
879 395 1085 434 indoluisse
1118 394 1320 434 Caesarem
1345 397 1492 445 serunt,
1536 408 1648 446 quam
1677 397 1782 446 quod
1807 396 1870 434 ds-

34 514 47 530 ι
82 455 230 505 'amor
258 471 295 503 et
312 465 462 514 praedo
491 465 652 503 hostium
679 477 781 503 more
808 471 946 515 ageret.
1005 463 1066 502 Ne
1093 463 1288 514 Spartaco
1316 465 1465 514 quidem
1495 471 1588 514 post
1614 469 1668 502 tot
1696 463 1870 503 consula-

99 534 206 571 rium
233 535 458 572 aerumnam
485 533 612 572 clades
639 533 801 572 inultam
829 533 989 571 Italiam
1016 535 1150 579 urenti,
1189 545 1420 583 quamquam
1450 530 1616 571 Sertorii
1648 538 1762 582 atque
1789 532 1870 570 Mi-

8 595 62 654 523⁹
84 590 289 643 sufficiatis
307 602 517 651 inqentibus
547 601 653 640 bellis
684 601 831 646 labaret
858 613 917 639 res
940 601 1113 652 publica,
1144 601 1285 647 datum,
1315 608 1357 639 ut
1378 606 1493 650 pacto
1522 602 1562 638 in
1582 601 1698 651 fidem
1724 603 1868 652 accipe-

69 682 74 690 ’·
99 674 235 710 ,retus-.-
260 669 395 708 nedum
417 669 673 719 pulcherrimo
698 662 1018 720 populiRomani
1035 670 1198 719 sastiqio
1219 669 1317 707 latro
1341 669 1571 719 Tacfarinas
1594 681 1694 719 pace
1722 675 1758 708 et
1785 681 1869 707 con·

1 723 91 790 {12:³⁵
106 734 274 778 oddone
301 749 483 788 agrorum
510 738 765 776 redimeretur.
822 738 909 776 Dat
934 739 1123 788 negotium
1151 737 1310 783 Blaeso,
1340 744 1477 776 ceteros
1509 738 1660 787 quidem
1688 738 1743 775 ad
1769 750 1871 788 spem

15 798 308 864 ‚grymi-‘cerei'
333 818 443 844 arma
471 807 552 844 sine
579 818 681 844 noxa
703 807 886 856 ponendi,
913 809 1036 856 ipsius
1066 811 1188 844 autem
1217 806 1324 845 ducis
1353 818 1502 855 quoquo
1530 806 1640 844 modo
1664 811 1869 856 poteretur.

3 860 223 928 'Bane
248 873 371 912 vero?
428 873 604 912 Eaedem
638 881 795 924 gentes,
834 886 936 924 quae
970 873 1073 912 ultro
1106 873 1253 912 bellum
1280 873 1473 920 inferunt,
1511 873 1603 911 vivo
1633 879 1744 912 tanto
1773 873 1871 912 duce

103 950 195 980 eam
238 941 289 980 ob
331 953 493 981 causam
536 942 587 980 ab
625 942 746 980 armis
782 942 993 981 discedunt
1030 942 1137 993 quod
1172 942 1344 980 Romani
1380 942 1438 980 eis
1479 941 1719 993 ignoscunt?
1777 940 1871 982 Sine

0 1007 44 1063 ξζ
106 1008 229 1049 dubio
255 1009 306 1057 ii,
342 1009 411 1060 qui
443 1022 555 1048 arma
591 1017 825 1061 posuerunt,
856 1023 902 1049 ea
933 1022 1035 1060 quae
1064 1017 1331 1060 poposcerant
1358 1011 1562 1048 consecuti
1591 1019 1703 1057 sunt,
1740 1010 1782 1048 id
1811 1017 1873 1049 est

0 1063 43 1164 {⁷
106 1076 350 1117 territorium
385 1078 490 1116 intra
525 1079 769 1128 provinciam
809 1079 875 1117 ubi
911 1079 1150 1117 habitarent:
1194 1091 1285 1117 nam
1323 1078 1575 1117 Musulamiis
1613 1079 1759 1117 saltum
1796 1078 1871 1116 Be-

107 1156 296 1199 guensem
325 1145 607 1196 planitiemque
637 1146 904 1185 subiacentem
934 1148 1082 1186 tributa
1110 1159 1201 1186 esse
1231 1160 1282 1186 ex
1311 1152 1566 1186 monumento
1601 1147 1649 1184 de
1679 1159 1759 1197 quo
1788 1147 1871 1197 agi-

0 1185 75 1302 ἶ.
106 1224 197 1265 mue
225 1213 403 1254 discitur.
460 1208 624 1253 Tacitus
667 1228 751 1253 rem
793 1215 849 1254 ita
892 1222 1027 1254 narrat
1071 1222 1113 1254 ut
1154 1216 1194 1253 in
1237 1221 1326 1254 acta
1362 1216 1521 1266 publica
1555 1215 1682 1254 relata
1716 1215 1872 1254 videtur

0 1315 66 1339 f
106 1281 235 1326 fuisse
262 1294 390 1332 neque
418 1283 637 1330 intellexit,
681 1296 752 1322 cur
781 1283 964 1322 Tiberius
995 1283 1130 1322 Blaesi
1160 1295 1223 1322 res
1253 1291 1388 1334 gestas
1422 1283 1726 1334 triumphalibus
1756 1296 1871 1322 orna-

0 1340 26 1357 ³'
107 1351 252 1389 mentis
286 1363 366 1389 non
398 1351 516 1389 nimis
553 1351 693 1402 dignas
729 1351 987 1390 existimaret.
1045 1352 1111 1390 Ad
1149 1353 1250 1390 hanc
1279 1352 1609 1390 Musulamiorum
1647 1359 1800 1402 partem
1830 1353 1872 1391 in

107 1418 353 1468 provinciam
380 1419 702 1470 proconsularem
731 1427 928 1471 receptam
960 1404 1116 1458 videtur
1150 1421 1346 1471 pertinere
1383 1421 1488 1470 quod
1519 1433 1624 1458 anno
1655 1420 1708 1458 24
1738 1434 1872 1460 narra-

110 1491 187 1533 tur,
215 1486 469 1526 Dolabellam
492 1490 689 1538 principes
720 1488 1034 1527 Musulamiorum
1065 1490 1301 1537 defectionem
1331 1495 1541 1539 coeptantes
1572 1492 1694 1528 securi
1719 1502 1870 1539 percus-

109 1557 207 1595 sisse
220 1554 278 1604 ¹),
314 1554 455 1594 deinde
482 1556 552 1605 qui
581 1556 685 1605 apud
714 1555 934 1606 Plinium2)
965 1564 1057 1607 post
1086 1555 1329 1607 Capsitanos
1357 1564 1715 1596 commemorantur
1735 1558 1872 1596 Musu-

111 1622 203 1662 lami
227 1623 332 1661 inter
359 1625 540 1670 civitates,
558 1636 671 1674 ‘quae
700 1626 808 1662 etiam
836 1627 1008 1663 nationes
1038 1628 1119 1663 iure
1147 1626 1225 1664 dici
1248 1632 1420 1675 possunt,
1460 1625 1630 1675 denique
1653 1627 1871 1676 praefectus

3 1733 7 1736 ,
107 1688 230 1741 quatis
258 1690 577 1730 Musulamiorum
606 1692 709 1730 tituli
739 1690 930 1731 Calamae
958 1694 1104 1743 reperti
1120 1693 1180 1743 ³),
1225 1707 1312 1732 cum
1342 1706 1484 1732 manus
1513 1693 1584 1731 illa
1613 1693 1872 1733 Musulamio-

107 1770 195 1797 rum
222 1769 343 1808 quam
372 1758 510 1798 Victor
538 1759 612 1798 sub
641 1760 879 1811 imperatore
909 1759 1077 1800 Claudio
1091 1762 1131 1812 ⁴)
1162 1775 1319 1800 caesam
1350 1768 1496 1807 narrat,
1526 1759 1664 1801 eorum‘
1693 1763 1874 1801 videatur

26 1850 41 1878 ι(
107 1826 237 1866 fuisso
262 1827 332 1878 qui
358 1827 400 1866 in
428 1828 631 1867 veteribus
662 1828 823 1867 sedibus
852 1838 1134 1869 remanserant.
1193 1831 1418 1880 Praefectus
1448 1831 1611 1869 cohortis
1639 1831 1667 1868 I
1692 1830 1872 1869 Musula-

109 1897 268 1934 miorum
295 1896 335 1933 in
362 1895 612 1935 Mauretania
642 1898 814 1935 occurrit
842 1898 882 1935 in
913 1898 1028 1936 titulo
1057 1892 1408 1948 Tubursieensi5).

217 1962 289 2002 Ius
316 1963 581 2003 nundinarum
607 1966 939 2005 instituendarum
968 1967 1117 2016 petitur
1146 1980 1170 2005 a
1199 1972 1351 2005 senatu.
1411 1967 1476 2004 Ita
1504 1967 1609 2017 apud
1643 1967 1871 2017 Plinium⁶)

109 2042 266 2082 quoque
301 2031 362 2070 vir
395 2033 618 2082 praetorius
658 2046 682 2070 a
716 2039 855 2073 senatu
894 2035 1005 2085 petit,
1051 2041 1093 2072 ut
1122 2035 1199 2074 sibi
1228 2036 1436 2074 instituere
1465 2035 1663 2074 nundinas
1695 2035 1735 2074 in
1765 2036 1872 2088 agris

110 2099 197 2138 suia
224 2112 350 2151 prope
377 2099 570 2155 vicetiam
601 2102 689 2139 sitis
721 2103 983 2152 permittatur,
1013 2115 1140 2154 neque
1171 2104 1251 2141 alia
1287 2116 1353 2142 res
1382 2117 1407 2142 a
1436 2102 1630 2143 Suetonio
1645 2103 1683 2152 ⁷)
1721 2104 1872 2154 signifi-

108 2172 233 2214 catur,
267 2167 335 2205 ubi
362 2168 638 2218 imperatorem
661 2168 868 2208 Claudium
897 2172 959 2210 ius
989 2173 1254 2210 nundinarum
1283 2172 1324 2210 in
1352 2173 1511 2223 privata
1539 2172 1702 2221 praedia
1729 2185 1754 2210 a
1782 2185 1872 2210 con·

111 2235 264 2274 salibus
298 2235 462 2286 petiisse
498 2237 630 2284 refert,
675 2238 731 2275 ita
765 2239 923 2288 quidem
958 2246 1000 2277 ut
1036 2240 1064 2277 ii
1101 2241 1334 2278 relationem
1371 2240 1422 2278 ad
1465 2247 1644 2278 senatum
1682 2241 1871 2278 facerent.

39 2338 42 2341 ,
112 2301 264 2341 Contra
296 2304 338 2342 iu
371 2305 578 2354 provincia
609 2305 727 2357 Syria
762 2313 801 2344 et
830 2307 1037 2345 Pannonia
1073 2309 1276 2359 superiore
1312 2309 1363 2346 ab
1397 2309 1635 2358 imperatore
1670 2309 1774 2346 idem
1808 2309 1872 2346 ius

0 2599 37 2620 ῳ,
213 2581 247 2622 ¹)
283 2581 367 2614 Tae.
394 2582 486 2614 Anu.
514 2584 546 2622 4,
577 2584 633 2615 24.

21 2652 25 2653 ⁷
212 2641 246 2683 ²)
281 2643 369 2675 Hist.
394 2648 464 2675 nat.
492 2644 525 2683 5,
553 2645 586 2684 4,
614 2645 670 2676 30.

212 2701 245 2743 ³)
281 2704 407 2736 Renier
421 2705 503 2737 Rec.
522 2705 616 2738 2⁷15
642 2704 678 2737 T.
697 2704 823 2738 Flavio
848 2706 884 2739 T.
901 2707 936 2749 s.
956 2705 1052 2745 Quc'r.
1071 2706 1191 2740 illac-ro
1205 2708 1250 2740 II
1264 2708 1366 2749 vit-(o)
1382 2708 1521 2752 flamini
1538 2714 1702 2753 perpetuo
1721 2709 1872 2743 Ammae-

112 2763 310 2803 ἀπεκρίνω,
336 2765 539 2808 praefleeto)
563 2767 670 2809 qentis
694 2766 979 2808 Musulamiorum,
1018 2771 1170 2801 curatori
1190 2770 1354 2812 frumenti
1377 2770 1595 2814 comparandi
1618 2772 1653 2803 in
1679 2770 1872 2813 annona[m]

112 2824 207 2858 urbis
230 2825 330 2867 sacto
355 2837 377 2857 a
401 2825 479 2858 divo
505 2825 622 2859 Nerva
652 2827 813 2869 Traiano,
842 2829 1090 2872 proc-(aratori)
1118 2831 1291 2874 Au9(ustt)
1311 2832 1530 2875 praediorum
1554 2832 1698 2864 saltuum
1723 2856 1732 2864 .
1750 2857 1759 2864 .
1779 2856 1788 2864 .
1808 2843 1873 2876 po-

111 2887 235 2919 rtionas
265 2884 338 2926 [vix
363 2885 606 2930 Hipponensis]
639 2893 670 2920 et
701 2888 899 2930 Thecestini,
929 2893 1147 2934 procuratori
1171 2892 1344 2935 Auq(ust1)
1370 2894 1571 2937 provinciae
1603 2893 1755 2926 Siciliae.
1807 2895 1873 2926 Hie

111 2948 304 2990 praefectus
328 2949 438 2989 gentis
459 2942 562 2981 ‘nullo
588 2950 752 2982 etiamtum
776 2949 904 2983 urbium
930 2948 1029 2983 eulm‘
1055 2954 1311 2995 componendus
1337 2960 1387 2986 est
1413 2966 1489 2987 cum
1512 2955 1693 2997 praefectis
1717 2955 1869 2997 gentium

111 3008 330 3050 Alpinarum,
357 3009 541 3041 civitatium
567 3010 721 3042 Moesiae
747 3017 781 3043 et
807 3013 1001 3044 Treballiae
1028 3014 1169 3056 aliisque
1194 3015 1373 3048 similibus.

214 3067 247 3108 ⁴)
283 3069 371 3100 Aur.
396 3070 517 3101 Victor
543 3070 707 3104 Claudius
733 3074 792 3113 4‚2
819 3075 898 3115 epit.
926 3075 997 3113 4‚5.

215 3129 247 3170 ⁵)
285 3130 412 3162 Renier
435 3130 520 3163 Ree·
550 3130 654 3164 2971.

215 3189 248 3231 ⁶)
285 3192 393 3233 Epist.
422 3191 455 3231 5,
482 3192 517 3224 4.

214 3249 247 3292 ⁷)
286 3252 448 3286 Claudius
475 3254 531 3286 12.
