2222 3594
238 250 258 261 ⁸
347 253 439 300 138
917 266 1327 302 ADDITAMENTVM
1349 267 1462 303 von.
1489 269 1528 302 11

342 385 474 432 operis
510 383 586 419 hoc
622 387 725 419 certe
759 382 1012 432 permisisse,
1046 390 1089 421 ut
1125 383 1400 422 aestimatione
1437 384 1569 422 oblata
1602 384 1830 422 universum
1865 395 2001 434 agrum
2035 383 2106 424 do·-
2152 371 2222 418 '53

341 451 448 488 mino
469 449 589 488 etiam
609 450 759 488 nolenti
781 438 999 498 auferrent;
1019 451 1102 489 fere
1126 458 1168 489 ut
1188 452 1370 503 Augusto
1389 452 1608 502 imperante
1627 457 1789 490 senatus
1810 452 1964 490 censuit
1982 453 2104 503 quod—
2168 461 2181 500 j

341 530 508 568 cumque
529 518 578 556 ad
598 530 725 568 aquae
745 518 904 557 ductum
924 519 1179 558 reficiendum
1200 531 1302 570 opus
1323 520 1374 558 sit
1393 533 1445 567 ex
1464 520 1572 571 agris
1593 521 1838 570 privatorum
1858 520 2106 560 aestimatum
2166 514 2187 565 ,ζ

342 586 445 624 sumi
480 586 602 624 licere
639 586 844 635 (Frontin.
878 587 904 625 l.
933 600 1035 627 cac.
1061 587 1176 637 125).
1234 588 1437 626 Aedificiis
1473 594 1606 626 tamen
1640 588 1681 625 in
1717 588 1836 626 ductu
1863 587 2125 628 instituendo

341 654 452 704 parci
486 654 559 692 lex<
587 655 712 702 iubet3
749 655 931 693 similiter
967 661 1130 694 senatus
1159 656 1340 694 consulto
1369 668 1416 693 eo
1446 656 1552 705 quod
1580 656 1701 694 refert
1728 655 1943 694 Frontinus
1972 667 2006 693 c.
2029 654 2103 694 12?
2172 651 2189 698 ζ·

340 728 510 772 utraque
539 735 589 760 ex
618 729 730 772 parte
760 735 887 773 aquae
917 724 1056 761 ductus
1083 724 1195 773 quini
1223 724 1345 774 pedes
1375 725 1432 761 ita
1450 725 1567 762 vacui
1592 724 1762 774 relinqui
1781 724 1977 771 iubentur,
2004 722 2107 763 utin
2131 716 2198 768 ⁴5³⁹?

340 791 390 828 iis
420 791 520 828 locis
551 791 727 830 arbores·
743 792 932 830 tollantur
959 797 1117 841 praeter
1142 803 1224 838 eas,
1255 804 1356 841 quae
1379 792 1483 830 villis
1502 792 1714 830 conclusae
1734 798 1880 840 essent,
1909 805 1983 831 nec
2002 791 2108 830 dein·
2192 817 2218 849 ,ᾗ

342 870 436 909 ceps
458 859 563 897 ullae
583 865 854 908 conserantur,
881 859 1064 898 aedificia
1083 860 1193 898 nulla
1212 873 1317 899 nova
1335 859 1445 906 fiant,
1468 859 1539 898 sed
1559 865 1649 897 ante
1668 859 1775 898 faeta
1792 867 2034 899 remaneant.
2055 882 2105 889 —
2158 863 2218 913 11:³⁹

341 925 474 976 Caput
502 927 551 965 de
581 940 687 977 aqua
715 927 866 966 caduca
894 928 1013 978 plane
1043 928 1226 966 convenit
1254 941 1343 966 cum
1363 927 1559 966 Frontino
1580 940 1612 966 c.
1631 927 1703 966 94:
1734 929 1843 978 apud
1868 935 2006 968 veteres
2159 920 2215 990 [⁴1-

343 998 459 1034 omnis
495 1008 599 1046 aqua
633 997 673 1034 in
708 1008 799 1034 usus
826 996 1000 1046 publicos
1031 998 1259 1046 eroyabatur
1288 1003 1322 1034 et
1352 1003 1499 1035 cautum
1527 998 1584 1033 ita
1603 997 1704 1046 fuit.-
1736 993 1791 1034 ‘ne
1819 999 1905 1046 quie
1930 999 2107 1047 privatus
2148 995 2218 1030 s

342 1055 461 1101 aliam
497 1063 668 1114 [aquam]
705 1065 837 1112 ducat,
874 1077 988 1114 quam
1022 1077 1120 1114 quae
1154 1078 1197 1103 ez·
1226 1065 1313 1103 lacu
1341 1065 1489 1102 humum
1516 1061 1669 1102 accidit'
1698 1085 1750 1091 —
1781 1064 1873 1103 haec
1900 1066 1996 1103 enim
2023 1072 2110 1104 sunt

341 1131 458 1170 verba
494 1132 586 1182 legis
627 1154 677 1160 —
716 1134 760 1170 id
793 1139 848 1171 est
881 1145 977 1183 quae
1012 1145 1056 1170 ex
1093 1133 1179 1171 lacu
1215 1133 1441 1171 abundavit.-
1479 1145 1561 1171 eam
1592 1144 1662 1171 nos
1701 1133 1882 1171 caducam
1919 1144 2106 1172 vocamus.
2148 1163 2214 1184 υ

341 1199 450 1238 Idem
481 1212 573 1238 cum
601 1200 722 1238 addat
750 1213 894 1251 aquam
925 1200 1113 1239 caducam
1144 1201 1230 1239 dari
1260 1201 1419 1239 solitam
1449 1212 1539 1238 esse
1568 1206 1638 1238 aut
1661 1200 1704 1239 in
1733 1212 1848 1239 usum
1877 1200 2107 1240 balnearum
2151 1189 2220 1254 ᾖξ”

342 1268 670 1306 fullonicarumve
695 1269 884 1319 imposito
905 1269 1091 1319 vectigali
1111 1269 1240 1307 autin
1270 1269 1409 1307 domos
1439 1268 1663 1318 principum
1691 1268 1864 1307 civitatis
1893 1269 2110 1308 conceden-
2154 1260 2195 1315 ἦ(

341 1336 449 1374 tibus
478 1337 662 1386 reliquis,
692 1337 810 1375 etiam
840 1337 882 1374 in
910 1338 1009 1375 urbe
1039 1337 1088 1375 de
1117 1350 1166 1376 ea
1196 1349 1302 1387 aqua
1331 1341 1492 1375 senatus
1521 1349 1594 1386 pro
1622 1350 1666 1375 re
1693 1337 1913 1376 decrevisse
1941 1337 2108 1384 videtur,
2154 1326 2214 1378 fis>

342 1410 387 1442 ut
421 1404 538 1443 modo
574 1410 736 1455 propter
771 1405 970 1455 publicam
999 1405 1211 1444 utilitatem
1244 1406 1393 1456 petenti
1431 1405 1610 1452 daretur,
1644 1405 1764 1444 modo
1798 1405 1961 1445 honoris
1988 1416 2113 1444 causa
2140 1404 2149 1441 vI
2166 1397 2222 1463 {5⁴ss,

341 1472 543 1523 primariis
571 1473 669 1512 viris
699 1473 990 1512 concederetur.

157 1553 249 1587 Cura
265 1563 324 1596 pe-
455 1540 491 1579 8.
544 1541 606 1578 Ad
635 1542 844 1591 pecuniam
874 1542 1072 1593 publicam
1100 1542 1330 1593 reditusque
1358 1542 1541 1593 publicos
1571 1542 1907 1581 administrandos
1934 1543 1976 1581 in
1999 1541 2108 1581 hisce
2208 1577 2211 1580 ,

180 1604 301 1660 cuniae
342 1609 490 1647 tabulis
521 1621 624 1659 quae
654 1615 834 1661 spectant
862 1623 943 1648 non
973 1610 1109 1657 multa,
1140 1623 1188 1648 ea
1216 1611 1294 1648 hoc
1321 1610 1410 1649 loco
1439 1611 1749 1661 composuimus.
1904 1652 1906 1657 ,
2102 1616 2106 1619 “

161 1653 325 1735 ξέἒῗζὶ
455 1675 598 1727 Capite
622 1677 757 1716 XCVI
795 1679 935 1718 duovir
974 1679 1132 1717 iubetur
1167 1679 1218 1717 ad
1253 1678 1487 1718 decuriones
1524 1679 1652 1729 primo
1681 1691 1842 1734 quoque
1870 1678 1935 1717 die
1961 1678 2109 1718 referre
2153 1709 2197 1736 ³

169 1762 234 1794 que
251 1762 315 1794 pu-
344 1745 392 1783 de
427 1745 594 1793 iudicio,
631 1747 739 1796 quod
774 1747 893 1785 alicui
922 1760 973 1785 ex
1001 1747 1282 1785 decurionibus
1312 1747 1360 1785 de
1389 1747 1557 1797 pecunia
1584 1748 1743 1797 publica
1770 1747 1943 1786 multave
1969 1747 2012 1786 in
2040 1760 2109 1798 pu·
2189 1773 2216 1786 .

158 1801 326 1834 blieorum
343 1814 488 1852 blicum
519 1815 735 1866 redigenda
763 1815 904 1854 locove
933 1815 1094 1865 publico
1124 1815 1410 1854 instituendum
1441 1827 1529 1854 esse
1556 1816 1749 1855 videatur.

455 1881 596 1932 Capite
616 1882 844 1922 CXXXIV
863 1896 999 1922 eorum
1029 1896 1131 1934 quae
1160 1884 1351 1922 habemus
1380 1889 1559 1922 extremo
1586 1895 1713 1934 eoque
1730 1883 1961 1935 imperfecto
1980 1882 2029 1922 de
2048 1870 2108 1932 <302
2207 1927 2210 1928 ⁷

343 1951 413 2002 qui
447 1951 600 1990 civitati
634 1952 826 1991 honorem
861 1948 1034 2002 aliquem
1070 1952 1276 1991 habiturus
1311 1952 1364 1990 sit
1394 1963 1588 1990 munusve
1622 1951 1690 1990 det
1724 1951 2006 2002 polliceaturve
2034 1954 2163 2006 sta-gf

343 2025 502 2058 tuamve
531 2020 707 2070 aliquam
737 2020 832 2058 dare
861 2033 1058 2071 ponereve
1087 2020 1329 2070 promiserit,
1360 2024 1534 2067 cavetur,
1563 2033 1614 2058 ne
1643 2020 1694 2058 ob
1724 2032 1812 2059 eam
1839 2033 1924 2058 rem
1946 2007 2214 2071 pecuniaQG

342 2088 505 2138 publica
533 2088 689 2126 aliudve
718 2088 857 2138 quidl)
887 2089 923 2126 ei
950 2088 1065 2126 detur
1084 2089 1274 2142 donetur..
1305 2088 1445 2138 Itaque
1465 2088 1535 2138 qui
1553 2087 1802 2138 largitionem
1823 2088 1998 2138 aliquam
2017 2087 2151 2149 civi-J
2184 2075 2211 2089 h

343 2157 419 2195 bus
449 2157 626 2195 facturus
656 2162 730 2205 est,
759 2155 984 2195 universam
1014 2169 1087 2195 suo
1118 2162 1279 2207 sumptu
1297 2156 1475 2206 perficiat
1493 2167 1657 2194 necesse
1675 2161 1738 2195 est
1755 2168 1883 2207 neque
1901 2151 2179 2213 (Ῑιιίοςιιωζζ

342 2225 386 2263 in
415 2238 503 2263 eam
531 2238 615 2264 rem
644 2225 840 2264 aerarium
869 2225 1103 2263 contribuat.
1163 2224 1396 2276 Comparari
1423 2230 1558 2276 potest
1585 2223 1693 2274 quod
1720 2224 1874 2264 Paulus
1904 2213 2172 2282 scribit²)=
2204 2242 2207 2243 ⁷

343 2293 556 2331 civitatibus
593 2293 715 2343 leyari
746 2299 870 2343 potest
904 2296 1014 2332 etiam
1047 2294 1149 2343 quod
1182 2294 1236 2331 ad
1269 2294 1444 2332 honorem
1472 2300 1717 2342 ornatumque
1745 2295 1907 2332 civitatis
1930 2279 2222 2348 peninar

345 2362 399 2400 ad
426 2368 598 2400 ornatum
621 2368 719 2411 puta
747 2362 851 2412 quod
877 2363 931 2400 ad
957 2362 1217 2400 instruendum
1235 2363 1368 2410 sorum
1398 2362 1580 2400 theatrum
1608 2361 1772 2399 stadium
1793 2360 1954 2411 legatum
1970 2348 2170 2421 sumt

344 2430 398 2467 ad
431 2430 605 2468 honorem
628 2437 727 2480 puta
755 2431 857 2480 quod
884 2431 937 2468 ad
963 2443 1096 2468 munus
1127 2431 1309 2468 edendum
1336 2432 1609 2468 venationemve
1638 2429 1748 2467 ludos
1776 2431 1968 2468 scaenicos
2003 2414 2206 2539 tumst}

344 2501 525 2537 circenses
560 2498 729 2536 relictum
747 2500 872 2547 suerit
900 2504 969 2536 aut
995 2499 1099 2548 quod
1124 2499 1178 2536 ad
1206 2499 1423 2536 divisionem
1451 2497 1687 2547 sinqulorum
1715 2499 1849 2536 civium
1876 2496 1936 2535 vel
1963 2484 2166 2555 epulum-j..)-
2190 2510 2211 2536 2.

343 2567 514 2605 relictum
534 2567 668 2615 suerit.
717 2567 786 2604 hoc
815 2567 980 2615 amplius
1011 2568 1115 2616 quod
1141 2569 1180 2604 in
1210 2567 1387 2604 alimenta
1415 2566 1585 2614 infirmae
1611 2567 1760 2612 aetatis,
1784 2571 1883 2615 puta
1901 2563 2111 2612 senioribus
2130 2548 2206 2673 ’rig

2127 2602 2171 2648 ,Ξ

343 2635 403 2673 vel
425 2637 559 2685 pueris
583 2634 813 2684 puellisque,
843 2634 1013 2673 relictum
1033 2636 1170 2683 suerit,
1199 2635 1253 2671 ad
1271 2635 1444 2672 honorem
1464 2635 1626 2672 civitatis
1640 2635 1834 2683 pertinere
1852 2622 2171 2703 respondetur-{3153

345 2701 486 2754 Neque
521 2703 612 2753 ipsa
644 2714 708 2740 res
746 2702 868 2741 dubia
902 2709 976 2740 est.
1034 2702 1250 2740 Ambitiosa
1286 2703 1435 2740 decreta
1472 2702 1731 2747 decurionum,
1758 2696 2007 2750 Ulpianus³)
2038 2699 2108 2747 ait,
2127 2696 2200 2770 Ξ*

345 2771 513 2809 rescindi
541 2771 690 2808 debent.-
716 2771 877 2820 proinde
905 2777 947 2809 ut
973 2770 1107 2816 solent,
1135 2772 1212 2808 sive
1239 2770 1403 2819 aliquem
1431 2769 1629 2806 debitorem
1657 2770 1866 2807 dimiserint
1882 2771 1961 2807 sive
1980 2767 2111 2818 larqiti
2126 2760 2203 2825 :1523ss

345 2845 436 2878 sunt
468 2841 546 2878 sive
581 2840 810 2877 decreverint
842 2839 887 2876 de
910 2838 1062 2887 publico
1092 2838 1210 2876 alicui
1236 2838 1297 2875 vel
1319 2838 1486 2886 praedia
1515 2838 1575 2874 vel
1601 2837 1712 2875 aedes
1737 2836 1797 2875 vel
1823 2844 1962 2875 certam
1989 2804 2204 2895 φασι-ξιξ

344 2911 504 2953 titatem,
539 2907 638 2945 nihil
671 2907 811 2945 valebit
845 2907 1027 2944 eiusmodi
1063 2908 1257 2944 decretum.
1318 2904 1398 2944 Sed
1433 2905 1684 2942 ambitiosum
1721 2904 1920 2943 decretum
1948 2916 1999 2942 ne
2025 2898 2148 2953 τηβῇ,
2170 2908 2197 2958 -J

345 2976 503 3026 quidem
531 2979 663 3013 ratum
692 2986 795 3022 esse,
825 2987 913 3012 cum
942 2975 1194 3026 largitionem
1224 2972 1517 3024 quodammodo
1546 2977 1830 3019 remuneretur,
1859 2978 1905 3010 ut
1922 2983 2002 3010 non
2026 2972 2141 3009 am·

343 3045 457 3095 bigui
482 3044 582 3082 iuris
612 3047 686 3091 est,
715 3043 783 3091 ita,
815 3043 923 3093 quod
954 3043 1088 3091 sciam,
1117 3042 1211 3081 alibi
1239 3053 1320 3080 non
1349 3045 1408 3079 est
1436 3044 1634 3079 testatum.

447 3274 478 3315 ¹)
517 3276 600 3315 Aut,
627 3275 657 3306 si
682 3275 790 3316 magis
815 3274 937 3316 placet,
966 3272 1041 3314 a[ut
1062 3285 1125 3318 pro
1153 3273 1207 3315 ea]
1235 3272 1316 3316 quid
1323 3285 1332 3314 ς
1359 3272 1477 3305 tabula
1501 3272 1593 3304 enim
1618 3271 1684 3303 hoc
1708 3271 1784 3303 loco
1809 3266 1894 3303 hiat.
2131 3246 2177 3300 ἐξ

446 3334 478 3376 ²)
515 3336 597 3378 Dig.
617 3336 676 3376 30,
698 3337 766 3368 122
785 3346 836 3378 pr.

447 3395 479 3437 ³)
515 3397 597 3439 Dig.
617 3396 676 3438 50,
696 3398 731 3438 9,
750 3398 786 3430 4.

2118 3421 2167 3448 aa
