2222 3594
643 259 745 292 Lux
767 259 877 293 con.
903 259 1209 293 GENETIVAE.
1718 247 1810 292 127

0 270 182 480 {neem
209 389 332 427 supra
358 375 523 415 multam
550 374 718 425 pignera
745 374 922 422 verbera,
950 381 1049 426 puta
1077 375 1219 425 capitis
1250 376 1314 413 vel
1342 375 1630 426 ignominiosae
1657 376 1814 414 missio-

14 458 18 459 ’
44 444 116 494 ni·
146 444 211 484 ins
246 445 285 484 ei
318 457 406 486 nou.
432 447 507 482 est.
562 442 676 481 Haec
708 442 940 481 constitutio
968 449 1101 482 utrum
1131 441 1183 481 ad
1210 444 1419 482 universas
1447 443 1533 482 eius
1561 444 1705 485 aetatis
1732 444 1816 483 Ro-

0 476 188 560 {manae
221 513 372 552 formae
403 523 470 551 res
504 511 685 562 publicas
719 510 944 562 perveniat,
979 523 1032 549 an
1066 518 1229 562 propter
1265 512 1536 550 condicionem
1573 512 1815 563 peculiarem

19 625 23 628 .
47 579 190 632 oppidi
217 579 366 620 conditi
393 580 435 618 in
462 580 595 618 media
611 579 808 628 Hispania
835 579 1024 617 ulteriore
1052 579 1259 629 provincia
1286 581 1427 630 parum
1448 580 1653 619 etiamtum
1673 586 1817 631 pacata

45 654 208 700 mepta
235 648 302 697 sit,
330 647 583 690 determinari
613 659 692 685 non
720 653 871 697 potest3
902 646 972 685 sed
992 647 1066 686 etsi
1086 648 1163 685 hoc
1180 647 1399 697 praeferas,
1429 654 1534 687 certe
1553 660 1656 698 quae
1676 649 1815 687 eodem

26 710 138 767 1900
170 722 308 756 essent
340 715 517 755 colonias
552 715 846 766 municipiaque
879 715 1173 766 provinciarum
1209 716 1515 768 longinquarum
1545 728 1592 755 eo
1621 717 1706 755 iure
1734 729 1814 755 non

10 807 18 834 ,7
35 785 175 837 ,magis
202 784 380 824 carnisse
406 788 715 823 consentaneum
744 788 818 822 est.

3 901 21 966 {ss
44 919 128 961 fito
154 911 374 972 nunqnam
401 919 605 972 primitiva
623 925 820 958 vetustate
848 920 1188 958 commendantur.
1237 919 1373 970 Opera
1396 920 1554 971 publica
1573 933 1660 959 cum
1680 928 1813 972 poste-

42 976 151 1028 tiore
184 993 363 1039 tempore
397 987 680 1039 perficerentur
713 988 796 1026 fere
824 1001 897 1039 per
925 987 1217 1038 redemptores,
1253 988 1534 1038 antiquissima
1567 990 1813 1029 consuetudo

3 1066 147 1108 <quae
171 1056 273 1108 ipsis
301 1055 413 1095 urbis
437 1056 647 1094 moenibus
675 1068 820 1094 nomen
849 1055 970 1102 dedit,
1000 1067 1211 1106 operarum
1241 1061 1321 1094 tam
1350 1057 1553 1095 hominum
1583 1069 1701 1108 quam
1726 1059 1810 1097 ani-

7 1148 21 1166 .»
43 1123 206 1165 malim
241 1123 292 1162 ab
326 1123 428 1174 ipsis
463 1123 615 1162 civibus
650 1123 932 1175 exigendarum
963 1124 1019 1162 ita
1046 1123 1276 1162 oblitterata
1303 1129 1382 1171 est,
1420 1130 1463 1162 ut
1491 1125 1597 1176 apud
1626 1132 1810 1165 auctores

2 1189 11 1240 {2
41 1203 179 1246 qnos
173 1192 365 1231 habemus
394 1192 518 1230 exilia
545 1198 695 1231 tantum
725 1193 810 1231 eius
841 1192 1010 1243 vestigia
1038 1191 1394 1242 deprehendantur,
1423 1193 1598 1231 maxime
1627 1194 1695 1232 ubi
1725 1195 1811 1245 agi-

15 1308 18 1309 ,
42 1265 108 1301 tur
140 1239 190 1299 de
217 1260 285 1299 via
315 1258 596 1310 muniendffl).
655 1259 879 1300 Secundum
909 1261 1011 1298 hanc
1040 1260 1168 1310 legem
1197 1272 1262 1299 res
1290 1261 1348 1298 ita
1376 1261 1594 1308 ordinatur,
1623 1268 1666 1301 ut
1694 1263 1808 1301 decu-

3 1323 9 1367 s
41 1328 197 1368 tionum
225 1329 280 1367 sit
307 1328 518 1368 decernere
546 1329 595 1366 de
623 1329 855 1375 muniendo;
893 1329 951 1367 ita
978 1329 1082 1366 enim
1111 1328 1178 1367 lex
1207 1329 1383 1379 loquitur
1412 1334 1567 1367 vetusto
1597 1343 1727 1377 more,
1765 1336 1810 1368 ut

4 1440 8 1442 ,
39 1396 174 1449 ipsum
207 1408 309 1447 opus
344 1409 395 1435 ne
432 1397 628 1444 enuntiet,
666 1397 788 1435 immo
823 1396 1110 1447 complectatur
1143 1408 1413 1447 quascumque
1447 1409 1590 1448 operas
1630 1399 1808 1437 homines

11 1483 15 1487 ⁷
39 1464 350 1516 qualescumque
383 1465 621 1503 animaliave
654 1465 784 1503 facere
819 1465 995 1516 possint,
1031 1464 1116 1503 sive
1152 1465 1201 1502 de
1230 1465 1295 1502 via
1323 1466 1536 1504 sternenda
1564 1466 1696 1518 agitur
1723 1467 1810 1506 sive

1 1530 93 1572 ’δε
122 1532 328 1572 moenibus
356 1531 548 1572 faciendis
574 1533 659 1571 sive
687 1532 736 1571 de
765 1533 944 1572 aedificio
973 1533 1110 1584 aliquo
1129 1533 1363 1572 extruendo.
1411 1534 1646 1573 Indicuntur
1664 1547 1809 1586 operae

2 1588 292 1652 patrimoniis
328 1601 381 1640 ad
408 1601 636 1652 exemplum
665 1614 872 1640 munerum
900 1613 1056 1648 eorum,
1092 1613 1214 1651 quae,
1250 1608 1295 1640 ut
1323 1602 1379 1640 ait
1406 1602 1506 1640 iuris
1536 1609 1674 1642 auctor
1685 1601 1745 1654 ²),
1776 1611 1812 1642 et

19 1669 83 1718 ‚ui
114 1671 183 1720 qui
215 1681 334 1720 mque
366 1671 572 1719 municipes
606 1682 725 1720 neque
759 1671 904 1708 incolae
937 1676 1025 1708 sunt
1051 1659 1280 1719 adynoscere
1308 1676 1510 1720 coquntur:
1548 1671 1699 1709 scilicet
1726 1677 1806 1710 tam

8 1737 149 1776 nives
182 1742 225 1776 et
256 1736 433 1784 incolae,
466 1737 544 1776 etsi
572 1749 829 1789 possessores
857 1750 939 1776 non
968 1743 1079 1784 sunt,
1113 1749 1234 1787 quam
1263 1750 1538 1788 possessoreS,
1573 1740 1650 1778 etsi
1680 1752 1808 1790 neque

7 1795 147 1856 [adven
178 1809 272 1844 sunt
303 1817 432 1856 neque
464 1805 640 1852 incolae,
677 1806 727 1844 ad
762 1806 1017 1845 munitionem
1048 1805 1350 1857 compelluntur.
1408 1806 1624 1857 Negotium
1652 1808 1807 1847 iniunc-

3 1874 126 1921 vum
152 1872 302 1923 duplex
328 1879 408 1912 est:
443 1873 680 1924 quicumque
706 1874 883 1912 iumenta
910 1874 1155 1925 plaustraria
1182 1873 1321 1922 habet,
1350 1875 1391 1912 in
1420 1875 1514 1925 iuga
1542 1875 1703 1926 singula
1728 1882 1806 1915 ter·

10 1927 115 1993 :ms
148 1952 223 1991 per
256 1952 403 1980 mnam
439 1953 584 1991 operas
618 1948 822 1992 praestare
857 1943 1029 1993 cogitur3
1067 1942 1307 1992 quicumque
1335 1955 1456 1981 manu
1485 1955 1646 1993 operam
1675 1943 1807 1983 facere

6 2012 173 2073 potest
197 2014 246 2052 et
262 2020 389 2048 annos
416 2013 533 2048 natus
561 2014 625 2048 est
651 2009 743 2059 plus
764 2009 908 2056 XIIII,
936 2010 1066 2048 minus
1086 2009 1164 2048 Lx
1193 2010 1312 2060 quive
1341 2023 1480 2050 servos
1510 2011 1627 2051 habet
1655 2013 1692 2051 ei
1712 2025 1806 2064 ope·

22 2086 110 2130 με
133 2087 253 2128 pares
280 2076 535 2128 eiusdemque
563 2077 768 2128 aetatis³)‚
798 2078 839 2117 in
868 2077 1048 2130 singulos
1078 2078 1259 2117 homines
1288 2079 1431 2129 quinas
1458 2092 1530 2129 per
1549 2093 1694 2118 annum
1714 2093 1805 2131 ope-

9 2133 29 2150 ’ἱ
22 2155 107 2185 m
133 2150 348 2196 praestare.
389 2144 459 2185 Ad
486 2145 589 2184 hanc
614 2145 741 2196 legem
770 2159 871 2197 quae
899 2146 1083 2197 proxime
1111 2147 1285 2193 accedat,
1315 2148 1544 2186 constitutio
1574 2155 1637 2186 est
1664 2161 1700 2186 a.
1723 2149 1802 2188 417

6 2210 161 2263 f.;(cod.
180 2211 259 2252 Th.
282 2213 355 2261 15,
376 2213 415 2260 3,
435 2213 460 2251 5
482 2229 532 2246 =
555 2212 718 2253 C.1ust.
744 2215 807 2261 10,
828 2213 894 2262 25,
917 2213 961 2265 2)
989 2215 1105 2253 haec:
1130 2228 1203 2265 per
1220 2215 1443 2266 Bithyniam
1472 2222 1686 2267 ceterasque
1710 2230 1804 2267 pro·

12 2271 187 2325 'vs-dae
213 2292 451 2331 pos-sesama
480 2287 516 2319 ct
541 2284 799 2332 reparationi„
804 2283 950 2332 publici
977 2285 1130 2333 aqqeris
1158 2290 1192 2322 et
1219 2286 1351 2322 ceteris
1379 2285 1563 2322 eiusmodi
1588 2286 1803 2324 muneribus

11 2342 35 2409 Ἠ
24 2360 110 2399 ¹pro
136 2350 311 2398 iugorum
337 2361 489 2388 numero
518 2350 579 2388 vel
605 2352 783 2400 capitum,
813 2363 911 2401 quae
924 2351 1123 2400 possidere
1140 2358 1358 2398 noscuntur,
1389 2352 1582 2402 adstrinqi
1601 2361 1803 2403 οοραπτῑινς

15 2414 108 2465 subi
139 2416 236 2467 iuga
266 2415 316 2454 ad
353 2416 542 2455 animalia
575 2423 754 2468 spectare
781 2418 984 2465 videntur,
1019 2419 1151 2468 capita
1184 2419 1235 2457 ad
1265 2431 1416 2458 servos.
1474 2419 1651 2458 Finitum
1681 2422 1804 2460 fuisse

14 2479 234 2539 ’ἶαὶωιιιοᾱί
260 2495 469 2534 operarum
497 2498 704 2524 numerum
732 2499 804 2537 per
833 2486 1011 2536 singulos
1040 2499 1166 2525 annos
1195 2487 1478 2537 exigendarum
1508 2501 1613 2526 nunc
1632 2490 1804 2540 primum

12 2542 226 2607 {not-tiores
256 2551 349 2591 facti
384 2564 533 2592 sumus.
590 2554 748 2592 Aetatis
777 2554 935 2592 termini
963 2568 1052 2593 cum
1080 2568 1153 2606 per
1180 2567 1222 2593 se
1252 2555 1451 2594 notissimi
1480 2556 1579 2603 sint,
1615 2557 1664 2595 de
1696 2570 1801 2596 anno

36 2618 161 2667 xlm
186 2620 407 2671 pubertatis
435 2621 548 2660 initio
576 2621 753 2672 legitimo
782 2623 955 2661 omnium
984 2635 1086 2673 quae
1114 2624 1304 2662 habemus
1333 2624 1646 2663 testimoniorum
1667 2626 1743 2664 hoc
1762 2626 1803 2663 ni

3 2904 15 2911 ..
140 2859 173 2903 ¹)
209 2861 330 2896 cicero
362 2873 426 2906 pro
450 2864 596 2897 Fonteio
624 2866 644 2897 8
670 2863 723 2906 [4]
758 2870 895 2898 enarrat
920 2866 995 2897 viae
1020 2866 1197 2898 Domitiae
1230 2867 1455 2898 munitionem
1480 2867 1606 2898 factam
1632 2868 1726 2899 iussu
1751 2868 1802 2899 Μ.

7 2919 176 2958 “tunm
199 2925 413 2966 proconsulis
439 2924 591 2959 Galliae:
617 2926 727 2958 coacti
751 2931 827 2958 sunt
851 2927 976 2959 munire
1002 2937 1130 2959 omnes
1122 2932 1167 2959 et
1190 2927 1361 2959 multorum
1386 2938 1489 2970 opera
1516 2926 1703 2970 improbata
1727 2932 1804 2959 sunt

38 2975 78 3019 ὦ
106 2993 194 3027 quae
225 2990 422 3028 sequuntur.
473 2987 608 3020 Siculus
634 2987 780 3019 Flaccus
804 2999 838 3029 p.
859 2988 928 3019 146
962 2993 1142 3030 postquam
1175 2989 1264 3019 dixit
1296 2989 1339 3020 de
1364 2990 1427 3020 viis
1459 2989 1605 3030 publicis
1630 2998 1716 3030 quae
1741 2999 1804 3030 per

31 3039 273 3088 ‘godemptores
297 3046 526 3086 munirentur,
552 3047 724 3086 vicinales,
751 3048 873 3090 inquit,
902 3048 1003 3080 aliter
1027 3049 1216 3080 muniuntur
1233 3059 1300 3092 per
1319 3059 1450 3092 payns,
1478 3048 1517 3080 id
1540 3053 1589 3080 est
1606 3059 1672 3092 per
1694 3051 1801 3092 maqi-

40 3100 130 3138 *σε
146 3116 330 3150 paqorum,
364 3107 423 3150 qui
446 3117 567 3151 operas
592 3119 614 3139 a
632 3107 883 3151 possessoribus
907 3108 955 3140 ad
976 3119 1034 3141 eas
1058 3108 1198 3141 tuendas
1223 3110 1353 3152 etiqere
1378 3109 1473 3141 soliti
1495 3114 1579 3142 sunt.
1633 3110 1687 3142 Cf.
1714 3110 1801 3143 Cato

109 3176 139 3199 r.
164 3177 193 3199 r.
220 3168 253 3207 2,
272 3168 307 3199 4.
358 3167 445 3200 Cod.
463 3162 598 3200 Theou.
618 3168 675 3208 15,
695 3168 728 3200 3.
779 3169 885 3202 Knhn
910 3168 1011 3201 stadt.
1036 3167 1125 3211 Verf.
1155 3171 1188 3210 1,
1207 3171 1265 3202 62.

0 3222 4 3227 ’
30 3219 83 3270 ἐξ
140 3237 175 3278 ²)
212 3239 294 3282 mg.
314 3240 426 3280 5o‚4,
447 3242 504 3280 18,
524 3242 582 3272 22.

0 3319 58 3389 ἓν
141 3309 176 3352 ⁸)
209 3312 301 3346 Nam
328 3312 431 3345 verba
462 3313 497 3344 in
530 3311 675 3345 homines
708 3313 858 3356 sinyulos
881 3313 1027 3358 puberes
1056 3315 1215 3347 videntur
1246 3315 1426 3356 complecti
1452 3319 1521 3347 tam
1546 3316 1673 3350 liberos
1698 3328 1801 3360 quam

23 3377 169 3404 ‘'mofl-

0 3475 92 3553 ὲ

154 851 288 892 Etiam
321 852 371 891 de
398 852 615 891 munitione
643 863 746 902 quae
773 857 965 889 caventur
993 864 1026 890 c.
1047 850 1233 890 XCVIII
1262 851 1332 902 (3,
1360 851 1672 902 23-36)-tam
1702 854 1813 892 novi·
1836 862 1987 896 Munitio
