2222 3594
330 277 430 324 354
917 292 1286 325 ADDrrAMENTA
1309 292 1420 326 von.
1441 293 1500 326 111

322 406 585 464 Pestinensis.
642 407 823 457 Utraque
860 407 981 445 editio
1018 420 1107 446 cum
1144 408 1262 446 simul
1291 408 1494 459 prodierit,
1537 409 1578 446 in
1608 407 1841 458 Hungarica
1866 409 2088 460 posteriore

317 482 496 525 tempore
525 475 712 518 absoluta
743 474 934 526 Corporis
965 477 1148 514 volumen
1178 476 1336 515 tertium
1382 484 1571 532 perpetuo
1606 476 1824 515 adhibitum
1855 483 1936 523 est3
1981 477 2089 528 quod

317 555 406 581 cum
438 546 480 581 in
511 542 671 582 Gallica
699 543 847 582 factum
876 557 956 583 non
986 551 1112 593 esset,
1150 544 1385 594 Desjardins
1416 544 1585 583 Parisiis
1617 544 1798 595 syllogae
1828 544 1934 583 illius
1964 545 2087 595 epito-
2145 575 2156 586 .

316 623 407 650 men
454 611 578 650 edidit
622 613 695 650 sub
739 613 856 650 titulo
885 613 1119 658 Desiderato
1163 614 1215 651 du
1247 613 1286 652 G.
1317 613 1353 651 I.
1383 611 1434 651 L.
1466 612 1509 662 (t.
1541 612 1645 662 III).
1703 612 1763 650 Le
1790 613 1912 651 muse'e
1941 614 2088 664 epiqra-

312 680 457 729 phique
488 681 534 718 de
562 679 656 719 Pest
689 680 876 730 (Parisiis
910 681 1015 719 1874
1059 693 1124 732 pp.
1158 680 1227 731 32)
1273 686 1447 731 aptatam
1492 681 1541 719 ad
1587 679 1744 731 Corpus
1786 681 2088 731 inscriptionum

315 748 413 795 ita,·
437 754 480 786 ut
519 749 647 798 primo
687 749 815 798 capite
859 749 1244 799 comprehendantur
1287 749 1392 787 tituli
1436 750 1477 787 iu
1515 748 1694 799 Corpore
1739 749 1881 787 omissi
1923 761 2086 788 numero

314 814 510 863 LXXVI,
540 817 799 861 altero,tituli
829 831 909 855 non
938 823 1043 855 recte
1072 818 1127 855 ibi
1156 817 1269 855 relati
1297 830 1461 855 numero
1481 816 1572 865 LII,
1604 817 1719 855 tertio
1748 817 1931 855 lectionis
1962 817 2087 867 diver-

316 896 404 932 sae,
435 884 505 922 sed
534 885 678 923 dubiae
713 897 877 923 numero
908 885 1115 933 XXXVI,
1153 890 1292 935 quarto
1329 885 1431 923 tituli
1467 885 1595 923 musei
1632 885 1672 922 in
1711 883 1887 935 Corpore
1924 885 2086 935 quidem

315 965 446 1003 neque
476 959 605 991 tamen
635 953 741 1004 apud
776 953 1077 1002 Desjardinium
1108 953 1224 991 relati
1259 966 1423 992 numero
1452 953 1590 991 XXX.
1649 952 1776 1000 Ainsi‚
1805 952 2086 1004 Desjardinius

315 1021 383 1066 ait,
415 1034 481 1059 sur
509 1020 588 1059 336
617 1028 847 1060 monuments
884 1024 950 1071 qui
986 1028 1198 1071 composent
1235 1023 1275 1060 la
1313 1021 1505 1060 collection
1540 1021 1811 1072 e'piqraphique
1839 1023 2006 1060 romaine
2035 1023 2087 1060 du
2166 1074 2169 1078 Α

314 1089 447 1126 Muse'e
475 1089 651 1127 national
680 1091 724 1127 de
749 1089 839 1128 Pest
857 1112 910 1117 —
932 1096 965 1127 et
994 1092 1061 1139 qui
1089 1090 1146 1138 s’y
1177 1092 1385 1127 trouvaient
1414 1095 1497 1128 tous
1527 1090 1655 1127 re'unis
1685 1102 1737 1126 au
1764 1091 1859 1128 mois
1890 1091 1935 1128 de
1954 1090 2087 1138 juillet

312 1157 423 1203 1871,
452 1157 717 1196 εἐεῐ-ὰ-ᾱίνε
747 1159 842 1196 deux
870 1170 941 1196 ans
971 1165 1089 1196 avant
1118 1158 1156 1195 la
1181 1158 1417 1207 publication
1448 1159 1499 1195 du
1527 1157 1602 1194 III
1604 1160 1648 1179 ⁷¹²⁰
1681 1158 1825 1195 volume
1850 1158 1902 1195 du
1929 1156 2084 1208 Corpus

314 1225 360 1262 de
389 1224 539 1272 Berlin,
586 1233 621 1264 et
662 1225 755 1275 qu’il
798 1227 889 1264 e'tait
923 1227 1058 1276 facile,
1103 1239 1147 1264 en
1177 1227 1436 1276 consequence,
1481 1225 1665 1274 d’ajouter
1694 1238 1771 1263 aux
1798 1225 1990 1264 Addenda
2017 1228 2086 1276 qui
2140 1217 2142 1222 ³
2170 1220 2174 1238 ³

313 1295 507 1331 terminent
536 1293 576 1331 la
606 1296 760 1332 seconde
784 1296 912 1344 partie
941 1295 985 1331 de
1019 1306 1058 1332 ce
1085 1295 1230 1332 volume
1251 1316 1300 1321 -—-
1323 1294 1354 1331 il
1381 1308 1404 1344 y
1436 1306 1480 1332 en
1509 1307 1533 1346 α
1562 1293 1656 1340 164,
1703 1292 1936 1332 dest-&dire
1973 1306 2083 1344 pres·
2162 1339 2177 1346 ζ

312 1374 382 1411 que
413 1361 452 1399 la
479 1362 615 1409 moitie',
653 1365 718 1411 qui
749 1370 812 1401 ont
840 1363 896 1400 e'te'
923 1364 1014 1400 omis
1045 1375 1092 1400 ou
1119 1363 1197 1400 mal
1227 1363 1298 1400 lus.
1356 1361 1472 1400 Hanc
1508 1361 1803 1400 accusationem
1846 1361 1953 1412 quod
1981 1362 2083 1400 refu·
2143 1369 2166 1382 '·

311 1429 472 1467 tandam
518 1442 606 1468 esse
650 1430 765 1478 duxi,
809 1431 958 1468 factum
1003 1435 1065 1468 est
1107 1443 1234 1480 neque
1273 1434 1435 1480 propter
1483 1430 1689 1468 criminum
1733 1430 1907 1480 speciem
1954 1442 2083 1480 neque
2151 1431 2175 1486 ³.

309 1504 474 1548 propter
502 1499 744 1537 accusatoris
774 1499 1033 1550 gravitatem3
1065 1498 1133 1536 sed
1163 1511 1265 1548 quae
1309 1499 1488 1548 privatus
1516 1503 1620 1536 recte
1650 1498 1807 1536 silentio
1837 1498 2081 1546 transmittit,
2137 1490 2170 1551 [¹

310 1566 408 1604 mihi
437 1566 595 1617 publice
632 1566 707 1604 hac
737 1580 833 1604 cura
861 1567 1039 1618 fungenti
1068 1580 1148 1605 non
1178 1567 1306 1605 visum
1337 1572 1399 1605 est
1428 1578 1613 1617 spernere
1642 1554 1775 1605 licere.
1833 1565 1977 1605 Dicam
2006 1566 2080 1616 igi·
2165 1604 2171 1614 ,,

309 1640 386 1680 tur,
416 1634 522 1684 quod
553 1648 690 1673 verum
720 1643 794 1682 est,
824 1635 995 1673 breviter
1024 1641 1156 1672 tamen
1185 1641 1224 1673 et
1252 1639 1426 1673 coactus.
2144 1623 2147 1626 Α

367 1702 429 1741 De
459 1716 624 1741 numero
653 1703 722 1740 illo
751 1703 1055 1753 inscriptionum
1086 1703 1320 1742 omissarum
1358 1707 1684 1753 corruptarumve
1711 1703 1882 1754 primum
1912 1702 2080 1742 deduce·
2135 1699 2156 1745 ’ζ

309 1783 397 1810 mus
435 1772 524 1821 ipso
563 1771 818 1820 Desjardinio
857 1778 1017 1810 auctore
1053 1771 1211 1809 tertium
1248 1777 1366 1822 caput
1400 1771 1703 1820 inscriptionum
1745 1770 1952 1819 XXXVI,
1986 1783 2079 1810 nam

309 1852 413 1889 quas
443 1852 515 1878 suo
545 1840 634 1878 loco
666 1840 806 1878 dubiae
834 1840 1015 1878 lectionis
1046 1852 1135 1878 esse
1173 1840 1380 1890 profitetur
1409 1840 1526 1878 homo
1557 1837 1717 1878 suarum
1747 1839 1947 1878 visionum
1976 1845 2079 1877 certe
2123 1832 2158 1891 >¹⁵

307 1908 524 1946 benevolus
553 1908 735 1958 iudexl),
765 1921 854 1946 cum
882 1909 924 1946 in
945 1908 1191 1958 praefatione
1220 1913 1398 1946 numeret
1425 1908 1528 1946 inter
1547 1908 1650 1946 male
1680 1908 1804 1946 lectas
1834 1919 1858 1945 a
1878 1920 1954 1955 me,
1983 1907 2079 1957 quid

308 1976 415 2014 aliud
453 1976 742 2015 demonstravit
784 1990 902 2027 quam
947 1977 1130 2015 fiduciam
1175 1976 1561 2027 impudentissimam
1607 1988 1651 2014 se
1693 1976 1839 2014 habere
1881 1978 1923 2014 in
1964 1975 2077 2013 brevi

307 2044 525 2094 legentium
554 2046 746 2083 memoria
775 2045 992 2095 repositam
1023 2057 1290 2095 magnumque
1320 2057 1363 2083 se
1394 2056 1483 2083 esse
1511 2045 1553 2082 in
1587 2049 1670 2083 arte
1700 2056 1796 2082 sane
1822 2043 1913 2082 utili
1941 2055 2077 2082 nume·

307 2125 441 2151 rorum
461 2114 667 2151 commode
698 2113 1034 2151 ordinandorum?
1066 2112 1145 2152 Sed
1171 2114 1249 2166 „hoc
1277 2113 1366 2151 leve
1395 2118 1468 2151 est.
2127 2162 2129 2166 Α

363 2180 411 2218 In
442 2181 613 2230 primam
643 2181 810 2219 classem
844 2181 1105 2231 (inscriptions
1136 2183 1267 2219 emises
1298 2182 1394 2219 dans
1427 2181 1459 2218 le
1483 2181 1648 2230 Corpus)
1679 2193 1767 2218 cum
1796 2178 1994 2218 rettulerit
2019 2179 2078 2218 in·
2213 2231 2215 2234 Α

309 2249 545 2298 scriptiones
588 2262 752 2287 numero
781 2249 978 2296 LXXVI,
1023 2250 1163 2286 harum
1206 2249 1334 2287 maior
1362 2261 1469 2298 pars,
1507 2261 1648 2298 nempe
1677 2247 1754 2286 XL
1785 2248 1940 2299 tegulae
1970 2251 2074 2294 sunt,
2214 2244 2216 2246 ’

306 2318 497 2368 pondera,
529 2318 749 2367 signacula,
780 2317 963 2367 patellae.
1021 2317 1239 2356 Videamus
1270 2318 1442 2367 primum
1472 2318 1519 2355 de
1558 2316 1697 2363 titulis,
1741 2327 1842 2365 quos
1886 2327 1960 2354 nos
2003 2327 2074 2353 nu·

306 2386 426 2424 meris
448 2386 639 2437 augendis
662 2388 792 2424 minus
822 2385 963 2423 intenti
994 2386 1104 2424 solos
1126 2398 1177 2423 ex
1207 2385 1344 2423 ordine
1364 2385 1670 2423 numeravimus.
1730 2383 1834 2423 Sunt
1861 2384 1888 2422 ii
1909 2395 2072 2422 numero
2214 2405 2218 2431 ξ

304 2454 500 2492 XXXVI.

361 2522 426 2559 EX
455 2523 517 2559 his
548 2522 673 2560 titulis
704 2534 775 2559 sex
820 2527 859 2559 et
902 2522 1064 2572 triginta
1107 2522 1224 2560 tertia
1253 2533 1367 2572 pars,
1413 2522 1563 2559 scilicet
1605 2521 1708 2559 tituli
1746 2520 1951 2559 duodecim
1981 2531 2072 2558 vere
2103 2508 2181 2570 12]v
2214 2525 2221 2541 ³

305 2590 448 2628 adsum
477 2590 518 2628 in
549 2588 793 2640 corpore2)‚
838 2590 942 2639 quod
982 2602 1069 2628 eum
1108 2590 1156 2628 de
1192 2590 1346 2628 duobus
1378 2589 1435 2639 (n.
1459 2590 1523 2628 38.
1558 2589 1655 2639 198)
1690 2590 1777 2639 ipse
1813 2588 1943 2639 palam
1981 2599 2135 2625 con-

407 2850 438 2891 ¹)
490 2851 600 2883 Immo
638 2852 753 2883 insunt
788 2852 902 2893 plures
939 2846 1039 2891 tituli,
1077 2851 1134 2882 ubi
1175 2860 1324 2882 errorem
1351 2851 1423 2892 ipse
1449 2851 1638 2882 confitetur.
1688 2849 1848 2892 Exempli
1886 2857 1986 2882 causa
2023 2846 2068 2880 ad
2125 2836 2154 2898 χχ

303 2923 336 2944 n.
365 2913 433 2945 209
453 2926 496 2939 =
516 2913 609 2945 4149
645 2914 692 2944 sic
720 2912 877 2944 adnotat:
926 2906 1077 2956 ‘Corpus
1105 2911 1126 2944 l.
1154 2910 1193 2944 4:
1222 2909 1434 2948 CRlSPINAE.
1484 2909 1583 2942 Nous
1610 2920 1715 2943 avons
1740 2910 1792 2950 lu,
1820 2908 1842 2941 ὰ
1868 2914 1950 2950 tort,
1987 2899 2131 2952 clu-³³.

303 2971 453 3014 SPINA'‚
483 2984 546 3006 nec
571 2974 711 3006 verbum
738 2975 893 3015 amplius.
945 2973 1169 3006 Nihilosetius
1203 2973 1257 3004 hic
1294 2977 1491 3005 numeratur
1522 2973 1610 3004 inter
1646 2971 1762 3004 titulos
1790 2971 1936 3004 CLXIV
1969 2980 1989 3002 a
2013 2978 2068 3002 me
2103 2966 2124 3007 t

303 3036 561 3077 praetermissos
588 3036 640 3067 vel
666 3036 913 3077 pessumdatos.
2098 3067 2099 3070 ,

403 3094 434 3136 ²²)
486 3097 532 3128 D.
562 3098 606 3129 20
641 3097 721 3136 (cito
757 3107 915 3129 numeros
948 3097 1107 3128 editionis
1138 3096 1278 3128 maioris
1313 3093 1538 3136 Pestinensis)
1558 3108 1601 3121 =
1622 3095 1660 3127 C.
1688 3094 1796 3126 4129.
1831 3092 1875 3125 38
1896 3105 1940 3119 =
1959 3090 2065 3124 3507.
2096 3095 2147 3131 ,¹

300 3158 345 3189 —81
373 3171 417 3184 =
445 3157 551 3190 3675.
592 3157 637 3190 93
665 3171 709 3184 =
737 3157 844 3190 6467.
887 3157 954 3189 105
983 3171 1027 3184 =
1055 3158 1160 3190 3715.
1204 3157 1271 3189 135
1291 3170 1335 3183 =
1355 3156 1460 3188 4190.
1506 3156 1573 3188 172
1593 3169 1637 3182 =
1657 3156 1762 3188 4184.
1806 3154 1874 3186 198
1894 3166 1938 3180 =
1958 3151 2064 3185 3378.
2088 3150 2110 3178 ³.
2201 3142 2203 3144 ¹

301 3221 370 3250 201
407 3224 439 3250 et
474 3219 542 3250 232
578 3219 679 3261 (quae
711 3220 902 3260 fragmenta
933 3219 1169 3260 coniungenda
1202 3228 1274 3250 esse
1306 3217 1414 3250 musei
1447 3218 1557 3249 editor
1588 3227 1657 3249 non
1688 3215 1868 3255 intellexit)
1891 3227 1935 3241 =
1957 3211 2062 3246 3338.

301 3279 371 3312 230
391 3293 434 3306 =
457 3280 563 3312 3681.
592 3281 660 3313 235
682 3293 726 3306 =
747 3281 853 3312 4215.
906 3281 1005 3313 Hunc
1037 3280 1172 3311 titulum
1199 3278 1321 3311 deinde
1347 3277 1452 3310 refert
1476 3279 1511 3310 in
1544 3278 1662 3310 ordine
1689 3282 1810 3320 quarto
1834 3277 1924 3308 inter
1947 3273 2111 3310 titulos

299 3340 395 3380 mihi,
423 3351 492 3372 non
519 3341 583 3372 sibi
608 3342 644 3373 in
670 3351 786 3374 museo
814 3342 914 3382 visos,
942 3346 1023 3383 puto
1051 3352 1093 3374 ne
1126 3341 1379 3374 insimularetur
1410 3339 1550 3372 maioris
1577 3339 1771 3382 diligentiae
1803 3338 1839 3370 in
1872 3336 1941 3369 suis
1965 3333 2061 3367 libris
2094 3341 2138 3388 J:

300 3401 473 3434 adhibitae
499 3411 600 3444 quam
627 3408 775 3444 praestat
801 3403 835 3434 in
863 3403 995 3435 alienis.
