2222 3594
384 230 478 276 106
954 240 1361 275 ADDITAMENTVM
1383 240 1495 275 von.
1520 240 1559 273 11

375 358 498 396 Liber
526 344 668 395 venum
706 369 786 395 non
824 356 958 404 datur,
995 356 1065 394 sed
1100 356 1204 395 dono
1240 356 1461 395 destinatus
1499 362 1559 394 est
1588 357 1637 395 ab
1667 355 1815 394 editore
1844 355 1915 404 iis,
1950 356 2018 406 qui
2046 355 2142 397 haec

378 426 510 464 studia
545 425 757 475 praecipue
792 424 939 463 fovent.
999 423 1216 463 Dedicatus
1255 429 1317 463 est
1345 414 1593 463 Mommseno
1630 430 1670 462 et
1697 424 1814 471 mihi3
1851 423 2026 462 continet
2053 429 2144 474 post
2171 412 2196 460 f.

378 493 663 544 praefationem
693 493 882 531 directam
910 491 960 530 ad
981 491 1242 530 Franciscum
1263 491 1677 539 Caballero-Infante,
1707 504 1810 542 quae
1829 491 2025 542 quomodo
2045 491 2144 531 acci-

377 562 479 599 derit
508 567 551 599 ut
578 561 734 599 tabulas
764 560 935 599 edendas
966 561 1187 611 susciperet
1216 560 1387 610 scriptor
1416 567 1575 598 enarrat
1604 560 1660 610 (p.
1686 559 1833 609 1—5),
1861 559 2030 610 primum
2059 564 2144 599 tex·

376 635 458 667 tum
489 629 712 668 tabularum
742 629 956 668 secundum
981 629 1286 679 archetyporum
1306 628 1474 666 formam
1495 628 1745 678 dispositum,
1776 627 1917 665 deinde
1934 627 2140 667 lectionem
2176 630 2197 669 ἐ

377 697 539 735 editoris
568 697 624 747 (p.
647 696 801 747 9—20)
832 710 919 735 cum
939 697 1124 735 versione
1145 696 1368 745 Hispanica
1397 695 1454 746 (p.
1477 694 1671 745 21—32).
1717 695 1820 733 Tum
1850 695 1978 746 pergit
2006 695 2058 734 ad
2079 696 2144 734 de·
2185 683 2191 695 ³

378 765 633 814 scriptionem
663 766 901 811 tabularum,
930 764 1096 802 formam
1127 759 1261 802 earum
1291 769 1492 801 externam
1515 768 1687 811 enarrat,
1717 763 1811 801 item
1831 769 2064 813 argumenta
2082 775 2145 802 ca-
2170 754 2187 811 4

381 834 517 883 pitum,
549 833 783 884 compendia
812 832 1034 882 scripturae
1063 838 1101 869 et
1131 831 1290 879 similia,
1320 831 1419 869 vitia
1447 831 1640 880 quaedam
1671 843 1773 881 quae
1803 837 1916 881 putat
1941 831 1990 869 ab
2010 843 2058 868 eo
2077 830 2145 881 qui

377 902 615 951 conseripsit
642 908 710 938 aut
740 901 805 951 qui
837 901 917 938 aeri
947 899 1085 938 incidit
1113 900 1328 938 commissa
1357 911 1459 947 esse,
1488 900 1679 937 rationem
1711 899 1921 947 scribendi,
1949 899 2079 936 locum
2109 905 2147 937 et
2172 890 2180 939 s

377 976 533 1020 tempus
563 969 664 1019 legis
696 969 752 1019 (p.
776 968 971 1019 33—83).
1018 968 1205 1017 Denique
1234 967 1421 1018 proponit
1440 967 1746 1005 commentarios
1767 967 1817 1005 ad
1839 967 1997 1017 singula
2016 967 2146 1017 capita

379 1037 436 1088 (p.
460 1038 510 1075 84
523 1037 598 1087 ss.)
628 1049 717 1075 cum
747 1036 937 1075 addendis
968 1036 1170 1074 nonnullis
1203 1034 1289 1085 (pp.
1311 1034 1415 1073 254*
1437 1040 1476 1072 et
1497 1034 1659 1085 254**).
1703 1035 1896 1074 Adiectae
1923 1041 2017 1073 sunt
2035 1035 2145 1075 tabu·
2174 1062 2175 1065 =

377 1105 439 1143 lae
464 1106 743 1156 lithographae
763 1105 948 1155 quinque,
980 1117 1091 1154 quae
1113 1103 1332 1154 scripturae
1361 1103 1531 1141 formam
1561 1109 1679 1153 atque
1709 1103 1810 1141 adeo
1839 1103 1943 1141 aeris
1973 1091 2183 1155 οοΙοτεαι

376 1173 544 1211 fideliter
579 1173 758 1211 imitatae
795 1172 857 1221 (ut
886 1172 1046 1210 tabulae
1075 1171 1390 1221 Ritschelianae)
1428 1171 1544 1209 trium
1580 1172 1801 1209 tabularum
1839 1171 1953 1209 initia
1980 1171 2178 1221 singulisj

376 1241 628 1291 imaginibus,
659 1240 800 1278 deinde
830 1246 949 1290 caput
977 1253 1097 1277 unum
1130 1238 1353 1289 (CXXIX)
1385 1239 1544 1277 tabulae
1573 1239 1724 1286 tertiae,
1755 1240 1924 1289 denique
1950 1239 2145 1289 fragmen»
2167 1243 2170 1246 ’

377 1314 459 1346 tum
491 1309 689 1358 quoddam
717 1321 795 1346 non
827 1308 959 1358 magni
989 1308 1105 1357 pretii
1135 1308 1328 1354 alienum,
1360 1307 1511 1345 scilicet
1538 1307 1696 1345 tabulae
1725 1320 1864 1346 aereae
1893 1307 2058 1346 Italicae
2086 1319 2146 1346 re·
2163 1297 2181 1344 s
2214 1309 2219 1313 “

377 1383 544 1427 pertum,
575 1377 683 1426 quod
711 1376 815 1414 infra
844 1376 1038 1423 dabimus,
1068 1381 1380 1426 repraesentant.

489 1445 537 1482 In
574 1445 748 1482 editione
782 1444 823 1482 id
853 1445 1106 1495 potissimum
1137 1449 1340 1494 spectasse
1372 1456 1414 1480 se
1443 1443 1645 1495 Berlanga
1673 1444 1746 1491 ait,
1784 1449 1827 1482 ut
1855 1449 2008 1482 textum
2037 1439 2183 1500 tabujJ

377 1513 508 1551 larum
539 1513 745 1551 exhiberet
773 1525 893 1562 quam
923 1512 1223 1550 accuratissime
1252 1517 1292 1549 et
1318 1511 1548 1550 fidelissime
1577 1524 1826 1568 expressum,
1861 1524 2029 1562 eumque
2058 1525 2146 1562 pro·
2162 1508 2177 1561 ,ξ

379 1582 504 1619 misso
546 1581 705 1619 stetisse
744 1592 809 1619 res
847 1581 938 1631 ipsa
973 1581 1105 1627 docet3
1143 1581 1213 1618 vix
1249 1580 1352 1617 enim
1393 1592 1579 1629 umquam
1619 1580 1712 1618 talis
1743 1581 1913 1619 ambitus
1942 1577 2178 1630 inscriptioj

379 1649 535 1687 videtur
569 1654 869 1699 repraesentata
905 1660 994 1686 esse
1030 1649 1070 1686 in
1106 1649 1196 1698 ipsa
1225 1648 1398 1685 editione
1428 1648 1606 1698 principe
1636 1654 1714 1686 tam
1743 1654 1848 1687 recte
1877 1653 1916 1686 et
1943 1646 2178 1699 castigatas-

380 1716 497 1765 Quod
532 1717 572 1754 in
609 1717 904 1755 commentariis
942 1729 1021 1754 non
1056 1716 1191 1754 omnia
1224 1722 1329 1753 recte
1366 1722 1574 1754 assecutus
1612 1722 1673 1754 est
1707 1716 1853 1764 editor,
1889 1716 1928 1754 id
1962 1717 2004 1754 in
2039 1701 2178 1756 tantas*

378 1786 436 1823 rei
473 1786 649 1823 novitate
686 1791 725 1822 et
760 1786 932 1823 maxime
966 1785 1005 1822 in
1035 1784 1221 1822 luctuosa
1249 1796 1350 1833 quae
1379 1784 1456 1821 fuit
1484 1797 1531 1822 eo
1561 1790 1737 1834 ternpore
1765 1784 1986 1835 Hispaniae
2014 1771 2179 1841 condi-¹3·-

380 1854 491 1891 cione
521 1865 772 1903 nequaquam
802 1853 836 1890 ei
867 1853 962 1890 vitio
984 1857 1138 1890 vertent
1165 1852 1335 1890 lectores
1364 1853 1493 1901 periti.
1542 1852 1668 1890 Immo
1697 1852 1922 1891 tabularum
1945 1853 2184 1892 dominum

377 1922 535 1960 laudem
572 1921 647 1959 sibi
677 1921 879 1971 peperisse
910 1933 990 1958 non
1018 1921 1268 1958 interituram
1297 1920 1508 1958 vindicatis
1538 1920 1587 1958 iis
1618 1921 1669 1958 ab
1698 1921 1880 1968 interitu,
1914 1934 1988 1963 nec
2016 1915 2175 1961 minus?

378 1990 480 2027 bene
517 1989 709 2027 meruisse
745 1989 793 2027 de
829 1989 924 2026 orbe
958 1989 1179 2026 litterarum
1216 1988 1401 2026 universo
1437 1988 1626 2026 editorem
1658 1994 1774 2026 antea
1802 2000 1960 2039 quoque
1987 1995 2170 2041 propter*

380 2058 528 2096 similia
563 2057 757 2096 beneficia
793 2048 899 2106 apud
935 2069 1028 2102 suos
1064 2062 1304 2105 exterosque
1340 2057 1481 2094 merito
1510 2056 1747 2094 celebratum
1778 2063 1890 2107 grato
1920 2057 2052 2095 animo
2080 2051 2165 2111 &ug-⁵¹⁸*

378 2131 545 2164 noscent
580 2125 806 2175 quicunque
841 2130 1097 2163 monumenta
1130 2124 1229 2162 haec
1263 2124 1436 2174 insignia
1470 2125 1509 2162 in
1544 2124 1672 2163 lucem
1709 2125 1908 2175 prodiisse
1941 2115 2171 2170 nobiscum-'js

378 2194 619 2244 gaudebunt.
2145 2182 2171 2188 ἠ’

489 2261 632 2300 Prodit
665 2261 770 2299 infra
799 2265 933 2299 textus
963 2273 987 2297 a
1015 2260 1283 2308 Mommseno,
1319 2260 1377 2298 uti
1405 2273 1479 2311 par
1507 2265 1610 2307 erat,
1649 2261 1886 2300 constitutus
1922 2274 2008 2299 cum
2037 2260 2173 2310 brevi?

379 2330 463 2368 eius
500 2330 801 2376 commentario3
840 2340 913 2378 ego
949 2341 1078 2378 pauca
1113 2328 1321 2367 additurus
1359 2341 1446 2366 sum
1484 2328 1532 2366 de
1566 2329 1697 2370 forma
1727 2329 1948 2368 tabularum
1985 2321 2170 2386 πῖθι-ηιξ

379 2410 594 2448 earumque
625 2398 833 2448 scriptura.
2135 2386 2177 2434 f

492 2466 672 2504 Tabulae
703 2472 797 2504 sunt
825 2471 920 2510 tres,
950 2477 1119 2514 quarum
1150 2465 1278 2515 prima
1306 2465 1420 2515 larga
1448 2472 1509 2503 est
1538 2476 1587 2504 m.
1611 2465 1763 2512 0.93l4‚
1793 2466 1875 2504 alta
1901 2465 2038 2517 paullo
2057 2459 2173 2518 ρὶιιηι

382 2534 490 2581 Ο.59,
523 2533 696 2572 secunda
724 2533 837 2583 larga
866 2533 975 2579 0.68,
1006 2533 1088 2570 alta
1117 2533 1224 2580 0.59,
1256 2533 1371 2570 tertia
1399 2533 1511 2583 larga
1541 2533 1692 2581 0.93l4‚
1722 2533 1803 2571 alta
1823 2534 1937 2580 0.60;
1966 2519 2157 2572 videntur-'²
2213 2571 2217 2588 ἶ

380 2602 502 2651 igitur
537 2613 675 2639 omnes
712 2602 807 2638 olim
838 2613 916 2638 uno
946 2601 1084 2638 ordine
1114 2601 1269 2650 publice
1298 2601 1506 2649 expositae
1535 2601 1671 2639 fuisse.
1731 2600 1901 2640 Ordines
1931 2588 2185 2652 scripturac'*

381 2669 510 2718 prima
538 2669 675 2706 tabula
702 2669 821 2706 habet
850 2674 929 2706 tres
961 2681 1144 2706 versuum
1175 2668 1226 2705 34
1257 2674 1295 2705 et
1325 2667 1375 2705 36
1397 2674 1435 2705 et
1458 2668 1521 2714 37,
1558 2668 1731 2706 secunda
1760 2670 1860 2707 duos
1890 2681 2074 2708 versuum
2095 2658 2162 2715 36
2209 2657 2219 2697 ’ἶ

381 2743 421 2775 et
450 2737 515 2783 37,
546 2737 662 2774 tertia
691 2745 772 2774 tres
803 2749 1012 2774 versunum
1044 2736 1095 2773 48
1119 2741 1157 2772 et
1178 2735 1226 2772 52
1249 2741 1288 2773 et
1311 2735 1378 2781 473
1408 2736 1449 2773 in
1469 2736 1543 2772 hac
1564 2736 1725 2773 secundi
1746 2736 1895 2774 ordinis
1926 2750 1962 2775 v.
1985 2731 2188 2783 32—52'3'
2213 2728 2219 2773 ἒ

381 2811 419 2841 et
448 2805 554 2842 tertii
584 2819 621 2842 v.
647 2805 778 2842 1—13
817 2804 972 2841 exarati
1003 2808 1096 2840 sunt
1124 2801 1269 2840 litteris
1300 2803 1534 2841 minoribus.
1593 2803 1749 2841 Tabula
1777 2804 1953 2842 secunda
1981 2790 2173 2855 primuml}

381 2872 602 2919 continuat3
633 2872 736 2909 inter
766 2871 979 2909 secundam
1010 2871 1244 2920 tertiamque
1273 2870 1410 2908 tabula
1438 2884 1517 2908 una
1545 2871 1732 2920 pluresve
1762 2872 2003 2911 exciderunt.
2051 2863 2171 2923 Ipsi}
2216 2871 2219 2890 '³

381 2953 474 2978 aera
507 2941 663 2990 integra
696 2940 780 2977 fere
815 2939 866 2976 ad
900 2951 973 2976 nos
1009 2945 1292 2989 pervenerunt3
1330 2951 1420 2976 nam
1455 2939 1501 2976 in'
1527 2939 1613 2976 solo
1650 2939 1766 2977 tertio
1803 2939 1995 2978 elementa
2031 2923 2167 2990 quam.-3¹

382 3009 472 3046 dam
502 3008 541 3045 in
570 3008 745 3046 fractura
774 3007 977 3058 perierunt
1003 3007 1175 3044 maxime
1202 3007 1243 3044 in
1264 3006 1404 3044 mediis
1425 3006 1607 3045 versibus
1630 3006 1667 3054 7,
1689 3006 1851 3046 42—52
1882 3007 2183 3057 extremisquess'

383 3076 422 3122 8,
444 3075 620 3113 44-47.
2134 3075 2135 3078 ’
2160 3124 2162 3126 q

492 3143 671 3181 Tabulas
705 3143 873 3193 primam
908 3149 948 3180 et
982 3143 1147 3181 alteram
1184 3155 1300 3180 unam
1335 3142 1430 3180 olim
1467 3142 1645 3181 effecisse
1681 3142 1856 3180 fractura
1888 3143 1977 3193 ipsa
2003 3130 2174 3194 margi->⁴⁷
2207 3128 2212 3132 ”

382 3223 477 3248 num
513 3211 666 3249 dexteri
702 3211 868 3249 alterius
904 3211 1145 3260 alteriusque
1180 3211 1285 3248 laevi
1321 3211 1434 3248 docet
1468 3210 1526 3248 ita
1562 3217 1603 3248 ut
1638 3223 1663 3247 a
1690 3210 1892 3262 Berlanga
1918 3200 2168 3261 repraesenf‘}

381 3282 487 3316 tatur
523 3278 701 3328 (scilicet
736 3279 865 3316 minor
899 3291 1014 3329 pars,
1050 3278 1187 3316 tabula
1223 3278 1367 3324 altera,
1404 3278 1442 3315 vi
1479 3278 1622 3316 avulsa
1659 3284 1721 3316 est
1757 3291 1782 3316 a
1815 3278 2004 3328 maiore),
2039 3274 2159 3334 quod..

383 3346 640 3384 confirmatur
667 3346 818 3385 diserto
847 3346 1013 3385 editoris
1043 3346 1267 3385 testimonio
1299 3346 1357 3396 (p.
1378 3345 1430 3383 35
1459 3345 1550 3383 libri
1571 3345 1687 3395 eius).
1736 3345 1894 3384 Tabula
1920 3345 2039 3384 tertia
2057 3347 2166 3384 cum*
2199 3333 2219 3401 ⁴3
