2222 3594
162 1348 273 1424 DE
321 1349 611 1425 FASTIS
660 1351 1099 1425 FERIARVM
1147 1349 1660 1425 LATINARVM.

27 1732 284 1824 Feritrum
311 1785 524 1824 latinarum
552 1786 645 1824 fasti
673 1785 799 1836 lapidi
827 1785 1055 1824 incisi'erui
1076 1786 1206 1836 coepti
1227 1792 1320 1824 suut
1339 1798 1442 1823 anno
1466 1785 1571 1824 1570
1593 1798 1615 1823 e
1635 1797 1791 1822 summo

27 1852 174 1892 Vettios
200 1858 347 1892 montis
376 1853 522 1892 albani.
565 1853 665 1892 Inde
694 1852 862 1892 Fulvius
891 1853 1065 1892 Ursinus
1094 1854 1233 1892 habuit
1260 1854 1525 1904 fragmentum
1554 1853 1639 1891 eius
1668 1853 1792 1891 fasto-

3 1933 114 1964 vrum
141 1921 365 1968 columnae,
398 1933 480 1972 qua
507 1921 601 1960 anni
632 1920 850 1959 727—732
879 1930 991 1960 erant
1018 1922 1227 1971 descripti:
1264 1923 1378 1972 isque
1408 1922 1511 1972 lapis
1541 1921 1659 1959 etiam
1689 1933 1793 1958 nunc

0 1984 2 1986 ¹
26 1994 210 2041 superest
227 1989 446 2028 translatus
465 1990 508 2027 in
526 2001 707 2028 museum
727 1989 1022 2039 neapolitanum
1052 1988 1118 2039 (C.
1140 1990 1171 2028 Ι.
1189 1989 1235 2028 L.
1258 1990 1277 2027 I
1308 2003 1348 2040 p.
1366 1989 1461 2036 472,
1481 1989 1605 2028 VIII:
1637 1989 1684 2027 cf.
1708 1989 1793 2026 Ma-

26 2057 117 2106 rini,
147 2058 241 2096 Am.
267 2071 308 2109 p.
333 2058 424 2105 139,
449 2058 559 2107 140).
614 2057 756 2109 Longo
786 2057 954 2095 duorum
984 2058 1232 2096 saeculorum
1260 2058 1485 2103 intervallo,
1516 2070 1621 2095 anno
1650 2070 1793 2107 nempe

29 2125 155 2173 1765,
190 2138 280 2164 cum
307 2125 479 2176 vestigia
515 2126 625 2164 aedis
652 2125 764 2164 Iovis
801 2125 956 2163 latiaris
996 2138 1098 2163 novo
1134 2126 1355 2164 extruendo
1384 2126 1564 2164 aedificio
1592 2125 1793 2163 disturba-

25 2198 175 2241 rentur,
205 2193 284 2232 alia
310 2199 499 2244 quattuor
519 2193 790 2232 columnarum
819 2193 1041 2245 fragmenta
1069 2194 1109 2231 in
1130 2194 1257 2232 lucem
1278 2194 1440 2232 rediere.
1491 2192 1672 2242 Quorum
1702 2206 1792 2244 par-

26 2267 107 2300 tem
133 2261 311 2313 pessimo
340 2274 437 2300 usus
464 2261 685 2311 exemplari
714 2262 883 2312 primum
914 2262 1037 2300 edidit
1065 2261 1278 2301 Odericius
1318 2262 1429 2312 (syll.
1460 2261 1578 2300 inser.
1609 2275 1647 2312 p.
1670 2260 1790 2310 231);

26 2329 132 2368 idem
164 2329 307 2368 iterum
344 2330 539 2368 recensuit
573 2330 615 2367 in
640 2325 892 2367 ‘Latinarum
928 2330 1055 2368 fastos
1086 2325 1262 2384 δευτέρας
1290 2323 1504 2384 Qum-{60:⁹³
1533 2341 1791 2378 componens,

25 2409 127 2448 quas
167 2397 336 2436 ineditas
371 2403 505 2436 servat
539 2398 666 2436 codex
702 2405 781 2435 vat.
811 2397 916 2435 9127
950 2410 988 2447 p.
1010 2398 1062 2436 30
1094 2410 1182 2447 sqq.
1253 2396 1455 2447 Quidquid
1491 2398 1711 2435 litterarum
1750 2397 1790 2434 in

27 2470 215 2515 quattuor
248 2466 331 2505 illis
359 2461 565 2504 'columnis
602 2472 809 2515 supererat
837 2479 859 2503 e
886 2465 1086 2516 lapidibus
1119 2466 1161 2503 in
1190 2466 1416 2503 vaticanum
1446 2477 1624 2503 museum
1654 2465 1789 2502 inlatis

27 2545 184 2572 summo
220 2534 352 2572 studio
386 2534 587 2584 expressit
620 2541 661 2572 et
696 2534 916 2584 publicavit
948 2533 1141 2572 Marinius
1179 2533 1293 2583 (Arv.
1324 2545 1363 2582 p.
1388 2533 1498 2582 129).
1561 2532 1789 2570 Nonnullas

11 2600 181 2648 tamen,
217 2614 366 2652 easque
400 2602 565 2640 maximi
601 2602 808 2648 momenti,
844 2601 998 2639 litteras
1027 2601 1199 2639 Marinio
1234 2601 1343 2638 haud
1370 2602 1479 2639 visas
1513 2601 1555 2638 in
1584 2600 1790 2638 Amadutii

0 2679 18 2725 ξ
29 2669 186 2708 schedis
215 2670 560 2708 sabinianensibus
591 2678 697 2707 recte
726 2681 817 2707 esse
846 2669 1065 2720 descriptas
1096 2669 1339 2719 Borghesius
1369 2669 1505 2706 docuit
1543 2667 1655 2718 (opp.
1673 2667 1789 2714 VIII,

0 2731 124 2787 ss55);
161 2749 285 2788 quare
318 2737 483 2787 lapides
509 2738 601 2775 illos
638 2744 848 2787 antequam
884 2738 975 2775 loco
1006 2744 1259 2774 moverentur
1295 2744 1334 2774 et
1370 2736 1489 2774 aliam
1524 2748 1642 2785 super
1671 2735 1789 2772 aliam

0 2803 247 2846 {litterarum
276 2805 468 2844 iacturam
496 2805 671 2844 facerent
690 2805 929 2844 Amadutius
950 2805 1108 2843 videtur
1136 2805 1373 2854 inspexisse.
1418 2803 1493 2841 His
1513 2803 1631 2840 modo
1658 2816 1789 2840 exem-

0 2871 203 2943 {plaribus
231 2879 440 2912 contentos
469 2886 542 2911 nos
571 2886 660 2912 esse
688 2879 856 2924 oportet.
905 2872 1016 2910 Haec
1045 2873 1148 2910 enim
1177 2872 1370 2910 fastorum
1399 2872 1621 2922 fragmenta
1647 2870 1689 2907 in
1709 2869 1789 2907 Va-

0 2941 161 2980 ficano
196 2941 378 2992 nuspiam
415 2948 663 2991 comparent;
700 2953 826 2990 eaque
854 2940 1053 2990 quomodo
1091 2940 1280 2989 perierint
1316 2952 1440 2988 nuper
1469 2938 1677 2975 didicimus
1716 2937 1790 2975 hac

0 3005 192 3062 {Iosephi
225 3009 453 3047 Melchiorri
489 3008 540 3046 ad
575 3008 785 3058 Borghesii
823 3007 1015 3057 epistulas
1049 3007 1321 3044 adnotatione.
1359 3003 1514 3054 furono
1550 3007 1672 3054 sequti
1705 3007 1791 3053 quei

0 3079 147 3126 Μεῖετ
173 3077 215 3114 di
241 3089 381 3114 mar-mo
418 3088 438 3113 e
464 3077 597 3113 ridotti
624 3088 650 3112 α
680 3076 818 3121 lastre,
855 3087 873 3111 e
902 3081 1029 3123 queste
1064 3075 1116 3111 da
1152 3087 1225 3111 uno
1262 3075 1322 3111 dei
1357 3074 1527 3110 direttori
1561 3072 1719 3110 scultori
1748 3073 1790 3109 di

0 3132 118 3194 [quel
149 3156 274 3182 museo
311 3146 506 3192 impieyate
542 3155 616 3191 per
649 3154 717 3179 uso
754 3143 795 3179 di
829 3138 1059 3190 pavimento'
1098 3141 1143 3190 (l.
1168 3141 1235 3189 c..)
1294 3140 1406 3188 Quos
1443 3151 1569 3176 annos
1605 3139 1790 3177 consules

0 3211 187 3263 ;psnffecti
214 3217 399 3260 quattuor
426 3210 490 3247 his
519 3209 711 3246 columnis
740 3209 920 3258 inscripti
949 3208 1172 3257 designent,
1202 3207 1378 3246 Odericii
1406 3212 1445 3244 et
1463 3207 1625 3244 Marinii
1654 3207 1789 3256 dispu-

0 3264 179 3326 {tatione
207 3278 460 3315 obscuratum
488 3276 615 3325 magis
645 3281 708 3314 est
735 3287 856 3325 quam
885 3275 1156 3312 inlustratum:
1186 3287 1290 3313 nunc
1318 3274 1474 3312 demum
1505 3280 1662 3312 constat
1688 3274 1789 3312 illud

0 3334 300 3394 §columnarum
329 3357 415 3395 par,
443 3343 550 3393 quod
579 3342 742 3382 eandem
772 3342 886 3380 unius
915 3342 1059 3392 lapidis
1081 3342 1223 3380 faciem
1246 3347 1425 3392 occupat,
1454 3354 1580 3381 annos
1600 3343 1789 3381 exhibere

0 3442 30 3499 ’ῃΥ

2187 1475 2222 1674 κ’·ΐίκίιέἷὲίθ.
2188 1415 2222 1469 :fai-1
2209 1357 2222 1402 aa...
