2222 3594
352 199 411 244 10
1135 208 1318 241 KAIBEL

345 324 693 363 FRVCTIERAE
716 323 821 373 (sic),
850 323 956 373 quod
977 321 1112 362 Conze
1142 324 1209 374 qui
1231 324 1354 362 edidit
1381 325 1408 362 l.
1431 336 1462 362 s.
1485 337 1517 363 s.
1549 324 1627 362 tab.
1649 323 1755 361 XIII
1780 323 1827 361 19
1859 323 1978 361 nimis
1997 328 2110 362 caute

345 393 396 431 ad
425 392 609 431 Cererem
645 405 695 429 an
731 391 781 429 ad
809 391 959 430 Isidem
994 392 1141 430 referat
1175 392 1328 439 haeret3
1365 393 1444 430 Isis
1480 392 1582 430 enim
1613 392 1719 442 apud
1748 392 1854 429 solos
1885 391 2108 441 Aegyptios

344 461 451 511 quod
473 461 593 498 sciam
615 452 851 514 καρποφόρος
870 459 1156 509 appellabatur.
1176 483 1226 488 ο
1249 460 1412 498 Boeckh
1433 461 1509 498 hoc
1527 453 1766 515 καρποφόρος
1784 472 1927 498 nomen
1946 464 2110 509 propter

345 529 517 567 nobilem
552 527 731 565 mulieris
761 527 1043 566 fecunditatem
1072 529 1321 579 Agrippinae
1350 529 1522 566 delatum
1554 540 1643 566 esse
1673 528 1887 566 existimat.
1946 526 2109 565 Minime

342 609 449 634 vero.
507 589 754 650 Καρποφόροε
789 607 866 633 non
897 608 943 632 ea
972 608 1111 646 graece
1142 597 1297 642 dicitur,
1334 608 1435 646 quae
1473 596 1636 642 fertilis,
1675 596 1745 634 sed
1776 608 1879 645 quae
1906 595 2110 633 fructifera

342 664 533 702 Romanis
563 670 635 701 est.
685 663 908 701 Fructifera
938 670 1068 702 autem
1098 664 1173 702 dea
1201 669 1275 711 est,
1306 677 1406 714 quae
1435 665 1634 703 fructuum
1664 669 1899 714 proventum
1929 669 2042 701 curat
2070 669 2109 701 et

345 732 481 778 efficit,
522 732 607 769 siue
638 730 759 770 Ceres
799 732 884 770 siue
915 731 1041 770 Terra
1078 733 1163 770 dea.
1222 726 1470 787 Koepnotpc5309
1508 737 1673 770 vocatur
1710 733 1814 769 Iulia
1847 733 2032 782 Augusta
2068 732 2108 769 in

342 812 501 837 nummo
540 799 706 837 dextera
741 806 820 837 tres
856 800 988 849 spicas
1018 806 1155 838 tenens
1186 800 1310 850 (Ann.
1340 801 1439 839 Inst.
1474 801 1578 839 1850
1608 814 1646 850 p.
1669 799 1781 849 202).
1841 800 1966 849 Atqui
1992 797 2110 838 ‘nihil

340 868 553 905 liberorum
582 864 689 905 tulit'
720 881 770 905 ex
799 880 846 906 ea
874 869 1094 918 Augustus,
1126 867 1234 907 Suet.
1255 870 1360 918 Aug.
1392 882 1423 907 c.
1448 868 1512 906 63.
1535 891 1585 895 -
1617 868 1778 905 Erravit
1807 867 1925 905 etiam
1955 867 2110 906 Eckhel

342 934 402 973 VI
424 935 504 973 214
542 947 684 973 nomen
714 930 840 976 Αἰολίς
876 936 966 974 inde
993 937 1218 987 explicans,
1255 937 1362 987 quod
1397 942 1436 974 et
1466 935 1745 975 Germanicum
1780 942 1820 974 et
1847 935 2108 986 Agrippinam

339 1003 479 1041 Lesbii
514 1004 673 1042 civitate
703 1003 929 1043 donassent.
989 998 1114 1043 Αἰολὶς
1140 999 1362 1059 Ἀγριππίνα
1393 1011 1498 1042 esset
1528 1017 1624 1042 sane
1653 1004 1821 1042 Aeolica
1850 1003 2009 1042 civitate
2038 1003 2108 1040 do-

341 1078 437 1109 nata
465 1072 690 1121 Agrippina
719 1073 782 1110 vel
812 1079 951 1122 posset
981 1085 1087 1119 esse,
1119 1074 1189 1111 sed
1218 1069 1298 1109 5·εὰ
1328 1066 1705 1127 Ac'0729'A73717r7n'11a
1733 1072 1808 1109 dea
1837 1078 1898 1110 est
1927 1083 2029 1122 quae
2057 1072 2109 1109 ad

341 1151 495 1178 omnem
526 1140 712 1178 Aeoliam
742 1141 987 1190 provinciam
1016 1142 1222 1192 pertineat.
1271 1141 1365 1179 Non
1393 1141 1550 1191 quidem
1584 1141 1748 1178 Aeoliae
1779 1146 1899 1190 caput
1920 1139 2109 1189 Mytilene

340 1213 419 1253 est,
457 1207 528 1246 sed
557 1208 681 1246 Lesbi
712 1209 996 1247 tantummodo.
1054 1209 1205 1247 Verum
1235 1210 1399 1259 cogitari
1428 1214 1578 1259 potest,
1611 1214 1762 1246 ceteros
1791 1208 1971 1254 Lesbiis,
2001 1207 2108 1257 apud

340 1287 441 1324 quos
470 1277 786 1314 commorabatur
805 1278 1042 1327 Agrippina,
1074 1278 1339 1324 mandavisse,
1370 1282 1412 1314 ut
1440 1277 1518 1327 ipsi
1548 1290 1620 1326 pro
1651 1277 1833 1314 omnibus
1858 1276 1943 1314 eius
1964 1288 2107 1314 nomen

341 1344 611 1383 communibus
642 1346 767 1383 sacris
797 1345 996 1383 adderent.

340 1527 391 1565 V.
446 1528 493 1565 In
514 1541 736 1566 marmorea
756 1530 891 1567 tabula
911 1529 1055 1567 ibidem
1087 1529 1130 1579 (i.
1150 1542 1182 1567 e.
1205 1528 1412 1580 Mytilene)
1440 1529 1534 1566 Pav.
1581 1528 1692 1566 Haec
1712 1529 1898 1566 marmori
1918 1527 2108 1578 inscripta

396 1602 490 1634 sunt
519 1597 684 1635 mitileni
715 1597 762 1635 de
792 1597 1000 1636 Alcibiade
1029 1598 1116 1635 Pal.

690 1711 737 1750 ‘O
768 1707 894 1750 πάντα
925 1709 1047 1763 σοφός
1075 1706 1138 1751 καὶ
1167 1715 1317 1759 μους-ὦν
1347 1705 1421 1764 ἔχ’
1452 1705 1639 1767 (ἔρια-[τ]ος

746 1775 998 1827 Ἀλκιβιάδης
1027 1775 1232 1828 Βυζάντιος
1261 1775 1407 1818 ἐνθάδε
1436 1782 1571 1824 κεῖμαι,

742 1843 932 1895 ιΕλλήνων
960 1843 1111 1887 πάντων
1140 1843 1234 1905 ὅρνις
1264 1843 1504 1888 εἰσιδέτω-τος·

747 1915 994 1964 Λουκιλλιανῆ
1026 1912 1064 1955 δέ
1094 1933 1152 1962 μοι
1181 1911 1224 1964 ἦν
1252 1910 1516 1971 παράκοιτ[ι]ς,

675 1999 690 2024 5
746 1977 824 2036 Ιἷξῖς]
854 1985 895 2023 ἐκ
926 1983 1105 2023 δαπανῶν
1134 1980 1277 2028 τύμβος
1306 1980 1392 2036 ἔχει
1424 1985 1484 2034 [με
1514 1979 1669 2034 κλ]υτο’ς

746 2047 886 2104 Λέσβῳ
917 2047 966 2091 ἐνὶ
996 2048 1133 2109 χαίρω·
1162 2051 1183 2101 ἦ
1213 2050 1251 2091 δ’
1272 2049 1455 2098 εὐδαίμων
1473 2045 1699 2102 Μυτιλήνη]

747 2124 857 2167 σῶμα
887 2118 1131 2168 μετωκῖτατο.

341 2239 386 2280 C.
421 2241 454 2279 I.
483 2240 602 2279 2211.
634 2263 682 2268 —
728 2239 897 2279 Sordide
935 2240 1090 2278 consuti
1127 2240 1247 2290 panni
1285 2239 1439 2277 metrici
1477 2253 1528 2276 ex
1563 2239 1784 2289 antiquiore
1823 2239 2005 2289 exemplo
2039 2239 2106 2277 de-

339 2310 512 2359 prompti
548 2316 658 2356 sunt,
696 2309 806 2347 cuius
841 2309 948 2346 haud
977 2308 1180 2359 vulgarem
1216 2307 1342 2346 fuisse
1381 2308 1598 2345 orationem
1636 2320 1688 2345 ex
1719 2308 1839 2346 verbo
1873 2302 2105 2357 μετῳκῖτατο

340 2377 519 2427 colligas.
578 2377 727 2415 Mortui
758 2377 975 2427 uxorisque
1006 2381 1044 2415 et
1071 2377 1224 2427 patriae
1254 2376 1414 2414 nomina
1441 2376 1483 2413 in
1513 2387 1634 2413 causa
1661 2375 1832 2421 fuerunt,
1867 2380 1910 2413 ut
1937 2375 2107 2425 pristina

340 2445 538 2496 elegantia
565 2446 722 2496 periret.

450 2512 500 2551 V.
526 2515 544 2551 1
579 2526 673 2552 cave
702 2520 816 2564 putes
847 2510 969 2567 ἔξοχ’
999 2505 1150 2568 ἔρια-τος
1179 2513 1287 2551 refici
1317 2524 1449 2563 posse.
1504 2511 1622 2550 Dixit
1650 2512 1754 2550 enim
1783 2511 1984 2550 Homerus
2013 2510 2105 2550 ὄνει-

337 2572 605 2636 ροπο’λωνγό’χ’
635 2574 798 2636 ἄριστος,
829 2594 955 2631 neque
985 2581 1104 2619 huius
1134 2581 1291 2631 generis
1321 2581 1517 2619 formulae
1544 2580 1718 2630 perverti
1747 2579 1886 2618 solent.
1939 2581 2105 2618 Μουσῶν

339 2662 557 2700 cognomen
599 2649 640 2686 in
683 2649 906 2687 Alcibiadis
951 2650 1105 2687 familia
1148 2649 1338 2687 usitatum
1384 2648 1511 2686 fuisse
1556 2649 1677 2686 sumit
1710 2648 1916 2694 Welcker;
1960 2648 2103 2687 melius

340 2730 432 2754 vero
463 2717 625 2755 Boeckh
655 2718 773 2754 vertit
801 2714 990 2766 ‘optimus
1020 2714 1164 2766 poesi'.
1222 2717 1270 2754 In
1300 2717 1429 2766 primo
1460 2717 1563 2753 enim
1595 2727 1712 2753 versu
1742 2716 1964 2754 Alcibiadis
1997 2716 2106 2766 inge-

340 2785 446 2822 nium
476 2785 671 2831 laudatur,
702 2785 769 2834 qui
799 2798 884 2822 cum
915 2786 957 2822 in
987 2786 1076 2823 aliis
1109 2785 1292 2823 omnibus
1324 2785 1483 2834 sapiens
1514 2791 1596 2821 tum
1626 2783 1796 2822 eximius
1826 2788 1944 2832 poeta
1971 2783 2102 2822 fuerit.

342 2851 559 2891 Genetivus
595 2865 673 2890 non
707 2852 869 2890 nimium
900 2853 1048 2902 placet,
1089 2858 1129 2891 at
1158 2867 1230 2891 nec
1258 2853 1424 2902 reliqua.
1485 2851 1687 2891 Sententia
1716 2851 1859 2889 similis
1889 2851 1929 2888 in
1959 2863 2020 2900 ep.
2050 2852 2102 2889 A.

340 2920 425 2957 Pal.
448 2919 542 2966 VII,
565 2920 663 2959 355:
695 2912 736 2965 ἧν
767 2916 804 2956 δ’
836 2915 927 2974 <ah-337
956 2922 1106 2963 μουσῶν
1135 2917 1240 2963 ἱκανὴ
1271 2917 1381 2974 μερίς.
1428 2920 1559 2958 Etiam
1586 2919 1820 2969 Pomponiis
1841 2919 1982 2957 Musae
2011 2931 2104 2970 cog-

340 3000 484 3025 nomen
519 2987 752 3025 dcmendum
782 2988 974 3034 arbitror,
1012 2989 1117 3038 quod
1148 2989 1370 3027 Mommsen
1399 2988 1456 3026 eis
1486 2987 1629 3025 indidit
1658 2987 1690 3024 I.
1711 2987 1760 3025 R.
1782 2986 1833 3024 N.
1860 2986 1966 3025 3329
1986 2987 2105 3025 ,hisce

340 3055 472 3092 verbis
503 3056 637 3100 nisus,
673 3068 774 3105 quae
805 3056 1027 3104 subscripta
1057 3063 1167 3094 sunt:
1207 3054 1282 3095 ‘sei
1311 3056 1397 3094 fieri
1426 3055 1639 3106 potuis-set,
1669 3060 1869 3093 aeternam
1897 3054 2104 3109 incolumi·

341 3127 460 3160 tatem
496 3123 637 3161 Musae
674 3120 919 3161 donassent’.
983 3124 1109 3160 Immo
1148 3124 1272 3162 musis
1311 3124 1483 3162 amicum
1521 3123 1786 3172 Pomponium
1821 3123 2103 3160 Petronianum

342 3190 375 3226 si
415 3190 656 3239 potuissent,
694 3191 930 3229 incolumem
966 3191 1154 3229 fecissent
1189 3193 1485 3248 Musaekquae
1523 3191 1713 3229 orationis
1748 3190 1877 3228 forma
1910 3203 1962 3228 ex
1998 3188 2102 3227 Nae-

340 3257 447 3294 viani
477 3258 582 3306 quod
610 3259 733 3296 fertur
762 3259 952 3309 epitaphii
982 3259 1238 3297 similitudine
1267 3266 1496 3310 comparata
1525 3266 1602 3297 est:
1630 3256 1890 3296 ‘Immortales
1915 3256 2100 3295 mortales

343 3325 377 3362 si
406 3325 509 3362 foret
536 3325 597 3362 fas
627 3325 732 3373 flere,
764 3327 902 3364 flerent
930 3326 1044 3364 diuae
1075 3325 1273 3366 Camenae
1302 3326 1499 3365 Naevium
1529 3323 1714 3377 poetam'.
