2222 3594
303 178 400 225 278
787 154 794 168 x
1048 189 1316 224 WILMANNS

409 307 554 357 Agitur
583 307 624 344 in
655 311 910 344 monumento
949 305 998 344 de
1032 305 1221 344 nundinis
1252 305 1504 345 instituendis
1535 307 1817 358 habendisquev
1845 310 1887 351 in
1914 311 2073 360 provin-

300 379 360 414 cia
388 374 528 425 Africa
556 377 709 424 regione
737 374 932 424 Bequensi
961 376 1147 412 territorio
1175 373 1494 413 Musulamiorum
1531 376 1585 413 ad
1616 375 1736 414 Casas
1773 376 1839 415 vel
1873 382 1916 416 ut
1950 389 2075 429 supra

301 444 432 482 minus
463 450 647 481 accurate
675 443 917 492 breviusque
947 442 1094 480 dieitur
1124 443 1169 480 de
1197 443 1377 480 nundinis
1406 443 1529 481 saltus
1558 443 1770 493 Beyuensis
1806 447 1848 483 in
1884 448 2073 485 territorio

305 512 474 551 casensi.
531 510 763 549 Musulamii
806 511 964 561 saepius
1008 517 1377 548 commemorantur.
1444 510 1595 549 Narrat
1639 512 1745 550 enim
1782 511 1927 553 Florus
1942 511 1983 564 ἲ)
2026 515 2076 554 de
2121 532 2140 552 .=
2183 518 2188 529 ‘

300 582 508 631 Augusto:
554 580 623 617 sub
657 579 868 616 meridiano
907 579 1169 617 tumultuatum
1203 581 1325 628 magis
1362 591 1475 629 quam
1505 579 1682 618 bellatum
1711 587 1776 619 est.
1834 581 2072 622 Musulamos

301 656 414 699 atque
454 647 635 687 Gaetulos
670 647 821 685 accolas
857 646 1027 696 Syrtium
1072 645 1190 685 Cosso
1227 648 1321 685 duce
1361 650 1604 696 compescuit,
1645 659 1765 697 quam
1803 649 2012 689 victoriam
2049 663 2075 688 a

301 716 456 755 Velleio
486 715 620 754 Dione
652 713 796 753 Orosio
826 727 983 765 quoque
1013 719 1361 753 commemoratam
1383 714 1536 754 Cossus
1568 727 1602 752 a.
1626 715 1648 753 6
1679 717 1907 766 reportavit.
1961 715 2076 766 Quae

301 785 365 823 hic
400 785 449 823 de
479 784 638 822 sedibus
678 783 1011 821 Musulamiorum
1048 783 1274 821 referuntur
1308 795 1387 820 non
1426 783 1480 821 ita
1517 783 1787 835 intellegenda
1823 778 1915 824 sunt
1957 787 2075 836 quasi

303 865 400 904 gens
445 853 515 890 illa
558 852 599 889 in
644 863 714 889 ora
756 851 956 888 maritima
999 851 1240 889 habitaverit
1281 851 1344 889 vel
1387 851 1428 888 in
1469 852 1652 902 partibus
1691 852 1850 891 Africae
1887 851 2076 904 Syrtibus

301 921 515 972 proximis:
554 920 689 958 rhetor
718 919 923 957 Romanus
959 919 1008 957 de
1043 919 1287 970 geographia
1322 919 1483 957 Africae
1519 920 1623 958 idem
1659 919 1741 959 fere
1778 921 1939 960 novisse
1966 923 2076 961 vide-

302 995 367 1027 tur
405 989 511 1039 quod
549 993 709 1026 nostrae
745 987 888 1025 aetatis
924 988 1001 1026 viri
1041 986 1147 1025 docti
1184 987 1363 1037 plerique
1402 988 1550 1036 sciunt,
1596 988 1749 1027 scilicet
1788 1002 1875 1028 eam
1911 990 2076 1031 meridie

302 1058 426 1095 maris
465 1056 663 1107 Tyrrheni
709 1056 826 1093 sitam
866 1067 955 1094 esse
995 1056 1186 1105 sinusque
1220 1056 1367 1094 habere
1405 1054 1543 1106 Syrtes
1583 1057 1827 1107 appellatos,
1870 1063 2078 1108 praeterea

302 1125 358 1164 ibi
397 1125 563 1174 reperiri
599 1124 736 1163 leones
777 1124 933 1163 deserta
969 1124 1148 1162 homines
1185 1124 1341 1174 nigros,
1378 1124 1420 1162 in
1456 1126 1643 1176 Aegypto
1683 1125 1802 1164 etiam
1839 1126 2077 1177 hippopota-
2107 1160 2110 1163 .

304 1206 403 1232 mos.
470 1192 664 1232 Gaetulos
700 1192 803 1230 enim
842 1204 1045 1242 nunquam
1083 1190 1260 1242 Syrtium
1298 1193 1455 1231 accolas
1498 1193 1626 1231 fuisse
1659 1198 1799 1232 notum
1835 1201 1914 1242 est,
1953 1195 2081 1234 idem-'

304 1274 380 1312 que
424 1261 472 1300 de
509 1260 761 1299 Musulamiis
798 1264 956 1298 constat
990 1273 1042 1298 ex
1079 1261 1130 1299 iis
1167 1273 1269 1310 quae
1307 1261 1564 1299 Ptolemaeus
1604 1262 1855 1314 geographus
1895 1263 2077 1303 Tacitus-

307 1342 385 1380 que
428 1330 476 1367 de
520 1329 682 1366 sedibus
727 1341 861 1367 eorum
906 1328 1165 1367 tradiderunt.
1233 1329 1489 1367 Ptolemaeus
1504 1326 1544 1379 2)
1581 1336 1737 1381 gentem
1777 1342 1896 1380 quam
1932 1334 2078 1369 Μισου-

303 1392 418 1436 >Aaou
454 1397 629 1447 appellat
666 1397 740 1434 sub
769 1396 886 1435 Audo
921 1402 1055 1435 monte
1090 1397 1333 1435 habitavisse
1368 1397 1506 1435 scribit
1534 1411 1558 1436 a
1588 1397 1833 1438 Cirtensibus
1871 1400 2078 1447 meridiem

304 1477 444 1504 versus
479 1466 520 1503 in
557 1464 792 1503 occidentali
829 1470 941 1514 parte
970 1464 1204 1512 Numidiae,
1249 1465 1413 1504 Tacitus
1428 1466 1466 1516 3)
1497 1479 1583 1504 eam
1613 1467 1895 1507 solitudinibus
1914 1468 2078 1508 Africae

304 1535 569 1584 propinquam
599 1533 833 1582 Maurisque
869 1533 1044 1571 accolam
1075 1533 1187 1571 dicit:
1233 1534 1374 1583 quibus
1403 1535 1644 1573 testimoniis
1683 1531 1788 1574 ducti
1815 1537 1896 1574 iam
1923 1537 2077 1588 pridem

304 1608 410 1640 recte
447 1602 522 1640 viri
560 1601 666 1639 docti
696 1601 960 1639 Musulamios
995 1601 1097 1639 inter
1135 1607 1288 1639 montes
1319 1603 1438 1640 hodie
1468 1602 1771 1651 Djebel*Aurez
1801 1605 1927 1643 dictos
1956 1606 2076 1644 fines·
2145 1590 2147 1593 ι

307 1683 384 1720 que
414 1670 688 1708 Mauretaniae
724 1670 967 1707 territorium
1006 1670 1194 1708 habuisse
1231 1675 1463 1708 statuerunt.
1520 1671 1608 1709 Iam
1641 1684 1735 1710 vero
1771 1673 1938 1725 emergit
1969 1673 2081 1716 aliud

307 1751 443 1777 eorum
490 1738 733 1776 territorium
776 1738 818 1776 in
858 1738 988 1776 media
1022 1739 1107 1776 fere
1143 1739 1349 1787 provincia
1386 1740 1681 1789 proconsulari,
1723 1740 1843 1791 longe
1884 1741 2079 1782 remotum

306 1807 357 1844 ab
386 1807 505 1845 Audo
536 1814 669 1845 monte
698 1807 949 1857 Maurisque:
994 1820 1087 1844 num
1117 1807 1207 1844 inde
1237 1807 1312 1844 huc
1350 1819 1474 1857 usque
1510 1808 1608 1846 fines
1639 1809 1768 1858 gentis
1803 1810 2076 1860 pertinebant?
2102 1793 2105 1795 >

307 1875 434 1913 Immo
475 1876 553 1913 alia
587 1877 743 1913 ratione
780 1887 845 1914 res
886 1875 1124 1924 explicanda
1160 1881 1231 1912 est.
1290 1875 1429 1913 Refert
1464 1876 1566 1913 enim
1603 1876 1769 1914 Tacitus
1781 1876 1821 1927 4)
1859 1878 2079 1928 imperante

308 1943 470 1981 Tiberio
514 1943 809 1981 Tacfarinatem
858 1943 1073 1982 Numidam
1121 1943 1297 1981 adiutum
1348 1944 1521 1982 maxime
1565 1944 1897 1984 Musulamiorum
1945 1947 2080 1986 valida
2117 1943 2120 1949 ²
2158 1945 2174 1958 '⁴

306 2017 423 2062 gente
467 2011 614 2049 bellum
659 2011 852 2050 Romanis
900 2011 1100 2059 intulisse,
1146 2024 1234 2049 cum
1272 2011 1418 2049 Furius
1457 2010 1651 2050 Camillus
1695 2014 1932 2062 proconsule
1971 2015 2079 2054 Afri-

308 2092 395 2118 cam
439 2079 634 2118 obtineret
671 2080 732 2129 (a.
767 2079 862 2129 17),
907 2080 957 2118 ab
1002 2092 1127 2129 eoque
1167 2079 1300 2117 fusum
1343 2080 1613 2130 fugatumque.
1680 2079 1770 2129 Quo
1812 2082 1966 2132 proelio
2003 2083 2080 2122 etsi

307 2148 452 2186 bellum
489 2148 661 2186 fortasse
699 2148 921 2198 paullulum
958 2147 1250 2194 intermissum,
1295 2149 1513 2186 extinctum
1551 2154 1683 2186 tamen
1717 2162 1796 2188 non
1833 2157 1913 2198 est,
1951 2151 2080 2190 vario-

308 2228 386 2266 que
426 2229 496 2265 per
535 2216 758 2266 complures
797 2228 922 2254 annos
960 2216 1087 2254 Marte
1125 2222 1280 2266 gestum
1295 2216 1351 2265 5);
1396 2229 1499 2254 anno
1541 2217 1695 2254 demum
1735 2216 1787 2255 24
1825 2230 1941 2257 caeso
1978 2219 2079 2259 duce

307 2285 537 2335 provinciae
571 2296 653 2333 pax
688 2284 842 2322 reddita
877 2283 997 2333 est.⁶)
1054 2284 1162 2322 Inter
1196 2296 1260 2322 res
1297 2297 1400 2322 anno
1433 2283 1481 2322 21
1520 2291 1653 2335 gestas
1689 2285 1788 2323 haec
1824 2287 1929 2336 apud
1963 2287 2080 2326 Taci-

308 2359 393 2390 tum
406 2351 444 2402 ⁷)
480 2353 683 2402 leguntur:
719 2364 834 2402 neque
862 2353 977 2390 multo
1002 2359 1093 2401 post
1124 2352 1280 2399 Caesar,
1318 2365 1397 2390 cum
1426 2353 1578 2391 Iunium
1607 2353 1792 2391 Blaesum
1815 2356 2079 2403 proconsulem

310 2422 471 2470 Africae
500 2421 682 2470 triumphi
708 2421 919 2470 insiynibus
949 2420 1146 2467 attolleret,
1177 2422 1269 2458 dare
1298 2422 1340 2458 id
1367 2433 1407 2459 se
1435 2422 1531 2458 dixit
1555 2422 1689 2458 honori
1708 2421 1855 2468 Seiani,
1885 2426 1991 2462 ouius
2011 2424 2078 2462 ille
2123 2428 2125 2431 ’
2165 2430 2191 2478 j

310 2488 517 2527 avunculus
548 2494 641 2526 erat.
699 2488 759 2525 Ac
787 2494 909 2526 tamen
938 2501 998 2526 res
1027 2489 1167 2526 Blaesi
1195 2490 1333 2538 diqnac
1363 2490 1491 2527 decore
1520 2490 1590 2527 tali
1608 2491 1732 2538 suere.
1804 2490 1910 2528 Nam
1942 2491 2074 2540 Tacfa-

310 2559 418 2595 rinas
454 2569 685 2606 quamquam
720 2559 874 2606 saepius
913 2557 1093 2606 depulsus
1129 2559 1322 2606 reparatis
1352 2569 1424 2607 per
1453 2559 1585 2594 intima
1614 2557 1772 2607 Africae
1810 2559 1967 2597 auxiliis
2005 2560 2078 2598 huc

310 2626 562 2674 adroyantz'ae
596 2632 759 2672 venerat,
790 2631 831 2663 ut
860 2625 1000 2674 leqatos
1030 2626 1083 2662 ad
1115 2625 1300 2663 Tiberium
1328 2628 1488 2663 mitteret
1514 2626 1709 2675 sedemque
1736 2626 1836 2664 ultro
1865 2626 1939 2664 sibi
1964 2633 2078 2677 atque
2129 2609 2146 2647 Ἀ
2163 2613 2194 2633 ”’

413 2880 444 2921 1)
479 2881 526 2919 11,
555 2880 613 2911 31.

412 2940 444 2982 ²)
482 2943 546 2981 IV,
567 2942 599 2981 3,
622 2941 667 2973 24
695 2941 777 2972 dicit
802 2941 844 2972 ab
871 2941 1048 2973 occidente
1075 2942 1243 2984 incipiens
1271 2941 1533 2983 descriptionem
1558 2934 1660 2974 πάλιν
1678 2939 1714 2974 δὲ
1730 2941 1791 2975 τῶν
1809 2940 1865 2987 μὲν
1882 2939 2075 2988 Κιρτησίων
2142 2919 2179 2963 ''5'‘-

311 3002 364 3035 καὶ
382 3002 438 3044 τῆς
453 2999 639 3046 Νουμιδίας
657 2993 956 3047 μεσημβρινῶτεροι
973 2996 1035 3034 iim?
1051 2995 1091 3036 τδ
1110 2994 1218 3034 Alton
1238 2994 1314 3047 ὅρος
1332 2995 1552 3047 Μισουλᾶμοι
1570 3003 1643 3035 κτλ.

413 3063 446 3105 ³)
485 3066 578 3097 Ann.
605 3064 655 3104 H,
684 3064 742 3096 52.

414 3125 447 3166 ⁴)
491 3127 584 3158 Ann.
612 3126 634 3156 l.
661 3125 685 3157 l.

416 3186 447 3226 5)
485 3189 577 3218 Ann.
605 3187 673 3226 ΙΙΙ,
704 3188 747 3218 21
776 3191 810 3218 et
839 3188 882 3218 72
910 3199 959 3230 sq.

416 3246 448 3287 ⁶)
487 3249 579 3279 Ann.
606 3249 668 3286 IV,
700 3249 744 3280 23
772 3259 821 3290 sq.

417 3305 449 3349 ⁷)
487 3310 580 3341 Ann.
606 3309 674 3350 ΠΙ,
703 3309 747 3341 72
776 3320 824 3351 sq.
