2222 3594
345 181 407 227 26
1130 189 1328 230 Ht‘JBNER

343 311 473 360 iisque
519 311 663 359 partim
703 311 834 349 dubiis
871 317 1098 359 versantur3
1147 324 1270 361 quare
1312 312 1419 363 leges
1458 325 1556 362 quas
1592 312 1682 350 inde
1721 312 1910 350 deducere
1949 312 2108 350 student

344 378 547 429 generales
583 390 722 427 parum
758 384 887 417 certae
925 385 1028 417 sunt.
1089 378 1206 428 Quod
1244 380 1369 430 siquis
1399 380 1534 418 vitium
1564 380 1724 418 omnino
1755 381 1880 418 vitare
1909 380 2035 428 volet,
2069 380 2106 419 ei

344 460 368 484 a
396 447 695 496 quaestionibus
723 447 1050 498 onomatologicis
1081 461 1183 487 nunc
1213 448 1371 498 quidem
1402 460 1566 498 prorsus
1597 448 1873 486 abstinendum
1903 454 1975 487 est.
2033 447 2107 486 Ni-

343 514 427 552 hilo
457 527 551 553 vero
588 515 710 553 setius
740 516 869 554 visum
904 516 1003 554 mihi
1039 522 1102 554 est
1130 530 1151 554 e
1181 529 1224 554 re
1254 528 1343 554 esse
1378 529 1428 554 ex
1460 516 1600 554 studiis
1631 516 1727 554 olim
1756 516 1951 555 incohatis
1979 527 2107 566 neque

345 595 438 620 vero
474 595 646 632 unquam
683 584 872 634 sepositis
908 585 948 622 in
986 576 1188 635 singulare
1217 584 1416 634 quoddam
1446 585 1647 622 nominum
1676 596 1801 634 genus
1831 584 2107 622 illustrandum

343 650 439 700 quid
467 650 688 689 redundare
717 652 845 702 possit
864 652 1046 690 utilitatis
1066 653 1212 690 iudicio
1232 653 1447 703 peritorum
1469 653 1659 698 subicere,
1689 652 1843 690 etiamsi
1863 652 2107 702 quaestionis

343 719 642 757 fundamentum
672 733 753 758 non
781 732 907 770 usque
937 733 1095 770 quaque
1122 720 1279 758 firmum
1309 727 1348 758 et
1377 721 1602 759 absolutum
1633 732 1720 758 esse
1749 732 1828 758 non
1856 721 2009 770 ignoro.

455 786 573 835 Quod
601 789 849 838 grammatici
878 788 1020 827 docent
1048 789 1210 827 nomina
1231 789 1432 839 gentilicia
1450 789 1633 827 Romana
1657 789 1698 826 in
1718 790 1777 826 ius
1802 788 1968 826 formari
1988 787 2110 826 solita

345 867 453 903 esse,
485 856 526 893 id
563 867 637 894 usu
667 869 824 906 quoque
852 857 1101 908 comprobari
1131 862 1267 895 notum
1297 862 1376 903 est;
1412 870 1503 894 nam
1532 857 1693 894 nomina
1721 855 1898 905 gentium
1926 855 2108 906 patricia-

343 937 431 962 rum
467 929 664 974 quotquot
691 925 874 963 novimus
902 925 1012 963 nullo
1043 931 1231 974 excepto,
1266 925 1359 962 item
1389 924 1607 962 nobilitatis
1638 924 1817 973 plebeiae
1846 928 1999 962 tantum
2028 937 2109 962 non

344 993 478 1031 omnia
506 993 548 1031 in
576 995 635 1030 ius
665 991 992 1043 terminantur1).
1037 993 1190 1031 Tamen
1219 998 1375 1043 praeter
1404 992 1594 1031 suffixum
1623 991 1729 1041 quod
1757 998 1819 1030 est
1846 994 1904 1030 ius
1935 991 2036 1041 (sive
2046 992 2108 1040 ja,

345 1066 388 1099 ut
424 1074 511 1099 cum
546 1062 824 1111 grammaticae
859 1066 1110 1111 comparatae
1144 1061 1372 1099 doctoribus
1402 1059 1626 1110 loquamur)
1663 1072 1765 1109 quae
1801 1059 1921 1097 etiam
1956 1059 2110 1110 origine

344 1130 394 1167 ab
428 1130 517 1180 ipso
554 1143 634 1168 non
669 1130 827 1168 diversa
855 1130 1036 1168 videntur
1064 1129 1190 1167 fuisse
1220 1142 1310 1167 aeus
1341 1128 1465 1178 (quod
1495 1128 1713 1177 antiquitus
1743 1130 1829 1165 aius
1858 1128 1953 1174 fuit,
1991 1126 2108 1167 Oscis

342 1197 512 1236 fortasse
542 1210 655 1246 avus,
691 1190 836 1236 rustice
867 1198 956 1247 eus)
993 1203 1032 1235 et
1061 1199 1140 1235 eius
1171 1197 1317 1235 suffixa
1351 1197 1459 1234 omni
1489 1202 1666 1247 tempore
1695 1195 1987 1246 gentiliciorum
2017 1209 2109 1246 pro-

344 1266 433 1316 pria
460 1266 636 1313 fuerunt,
668 1271 709 1304 ut
739 1267 779 1304 in
799 1266 982 1304 Annaeus
1002 1266 1208 1315 Poppaeus
1238 1271 1278 1303 et
1298 1264 1485 1302 Lucceius
1505 1265 1705 1314 Pompeius
1736 1276 1824 1302 cum
1848 1263 2108 1314 similibus2).

345 1332 423 1373 Sed
452 1347 501 1371 ne
531 1334 571 1372 in
601 1335 677 1372 hac
707 1335 866 1385 quidem
897 1347 987 1372 aeus
1018 1336 1095 1371 eius
1125 1335 1184 1371 ius
1215 1333 1449 1370 suffixorum
1481 1337 1736 1382 cognatorum
1767 1332 1957 1371 varietate
1985 1333 2110 1384 genti·
2142 1382 2144 1384 Ι

343 1402 524 1440 liciorum
554 1403 758 1440 nominum
787 1402 970 1440 formatio
1001 1413 1089 1440 sese
1120 1402 1324 1439 continuit.
1368 1400 1425 1439 Ut
1452 1412 1577 1438 novae
1607 1412 1764 1449 semper
1792 1405 1930 1452 gentes
1959 1402 2111 1440 nomini

343 1470 488 1508 Latino
525 1477 777 1510 accesserunt
813 1471 983 1520 indeque
1017 1469 1224 1520 paullatim
1262 1469 1455 1507 succrevit
1489 1469 1661 1519 populus
1690 1468 1895 1508 Romanus
1930 1481 2002 1518 per
2029 1469 2110 1507 Ita-

344 1540 439 1576 liam
475 1545 514 1577 et
543 1546 658 1577 extra
687 1552 772 1577 eam
803 1539 844 1576 in
872 1538 1101 1590 provincias
1132 1549 1314 1588 sparsus,
1352 1538 1408 1575 ita
1436 1549 1564 1574 novae
1592 1542 1834 1586 propagatae
1865 1541 1958 1575 sunt
1985 1538 2112 1588 genti-

343 1607 526 1645 liciorum
556 1608 757 1646 nominum
787 1608 951 1655 formae,
981 1619 1095 1656 quae,
1127 1611 1170 1643 ut
1198 1605 1291 1643 illas
1321 1605 1480 1655 proprie
1510 1603 1678 1643 Latinas
1708 1604 1837 1643 dicere
1865 1604 1970 1652 licet,
1998 1618 2111 1656 pere-

344 1676 481 1726 grinae
515 1676 673 1725 quidem
702 1676 861 1714 fuerunt
890 1675 1061 1725 origine,
1099 1675 1168 1712 sed
1198 1680 1328 1712 tamen
1359 1674 1497 1711 eodem
1528 1678 1648 1722 atque
1677 1672 1770 1710 illae
1799 1673 1883 1711 iure
1913 1674 2112 1712 communi

344 1755 418 1781 usu
447 1749 639 1793 receptae.
688 1745 752 1782 Ita
772 1744 930 1782 Tuscae
961 1743 1125 1793 originis
1155 1742 1315 1780 nomina
1343 1742 1526 1779 novimus
1557 1741 1598 1778 in
1626 1738 1872 1791 erna‘(quod
1893 1754 1991 1780 arna
2011 1742 2111 1780 anti-

347 1812 482 1860 quitus
511 1812 586 1850 fuit
616 1819 657 1850 ut
685 1812 726 1850 in
746 1811 971 1861 Mastarna)
1003 1816 1042 1848 et
1071 1823 1179 1857 enna,
1209 1810 1332 1848 veluti
1353 1809 1550 1858 Perperna
1575 1809 1787 1858 Tapsenna,
1817 1821 1998 1859 quaeque
2023 1822 2110 1848 cum

347 1880 410 1918 his
442 1884 525 1918 arte
555 1880 764 1918 coniuncta
793 1885 884 1918 sunt
912 1880 952 1917 in
981 1882 1047 1917 ina
1077 1888 1115 1916 et
1144 1881 1248 1926 inna,
1279 1878 1388 1915 velut
1422 1876 1587 1915 Caecina
1610 1877 1826 1927 Spurinna3
1857 1875 2046 1916 Umbriae
2075 1883 2115 1916 et

350 1946 587 1987 Sabinorum
622 1948 786 1999 propria
820 1953 911 1986 sunt
946 1947 1115 1985 formata
1148 1946 1188 1983 in
1219 1959 1315 1984 anas
1346 1958 1434 1984 enas
1470 1944 1596 1995 (quod
1631 1945 1848 1994 antiquitus
1881 1945 2113 1985 fuit-anatis

348 2017 486 2065 enatis)
518 2022 556 2054 et
584 2019 669 2054 inas
700 2016 866 2066 (inatis),
898 2016 1008 2054 cuius
1038 2014 1193 2065 generis
1223 2013 1341 2051 etiam
1371 2013 1609 2064 cognomina
1637 2013 1832 2051 nonnulla
1859 2014 1901 2070 in
1930 2026 2005 2053 usu
2029 2014 2114 2053 fue-

347 2091 441 2123 runt
455 2084 506 2134 3).
551 2084 757 2123 Accedunt
784 2085 937 2122 rariora
965 2083 1160 2134 quaedam
1190 2083 1231 2120 in
1262 2094 1352 2121 acus
1376 2080 1547 2128 Galliae,
1577 2081 1619 2119 in
1645 2083 1726 2119 icus
1745 2081 1909 2120 Africae
1938 2087 1978 2120 et
1995 2081 2115 2122 Lusi-

348 2153 479 2191 taniae
508 2153 683 2203 propria,
714 2153 823 2190 velut
854 2153 1063 2190 Avidiacus
1098 2151 1297 2190 Caturieus
1327 2150 1539 2199 Payusieus
1571 2149 1844 2188 Sammonicus.

458 2221 592 2270 Atque
630 2221 679 2258 ab
717 2221 951 2271 oppidorum
987 2219 1212 2257 nominibus
1249 2218 1426 2256 derivata
1460 2230 1548 2256 esse
1584 2218 1745 2256 nomina
1777 2218 1818 2255 in
1848 2230 1945 2256 anas
1981 2215 2113 2267 (cuius

309 2308 311 2310 ·
349 2289 477 2327 solum
506 2289 678 2327 innotuit
705 2289 928 2338 exemplum
957 2288 1140 2341 illesanas
1172 2286 1296 2325 Orell.
1319 2285 1445 2335 4080)
1477 2299 1566 2324 enas
1597 2288 1683 2324 inas
1715 2285 1890 2336 (Adenas
1916 2284 2114 2335 Asprenas
2171 2319 2174 2321 Α

355 2356 542 2395 Carrinas
573 2358 752 2407 Felyinas
784 2358 952 2394 Fidenas
983 2356 1169 2405 Fulyinas
1200 2355 1371 2393 Larinas
1399 2354 1602 2392 Maecenas
1634 2353 1818 2392 Sassinas
1839 2354 2018 2393 Sentinas
2039 2351 2114 2391 Sa·

340 2427 458 2474 senas
496 2426 659 2464 Sur-inas
694 2423 882 2475 *Usenas,
919 2425 1062 2474 quibus
1099 2423 1216 2461 etiam
1254 2422 1550 2460 adnumeranda
1589 2427 1683 2460 sunt
1720 2421 1862 2460 Antias
1899 2429 1939 2460 et
1975 2421 2114 2459 Menas

349 2494 519 2532 Menates
550 2492 594 2532 C.
621 2494 653 2531 I.
681 2493 729 2531 L.
756 2494 776 2530 I
805 2492 881 2530 633
920 2499 959 2530 et
985 2492 1227 2531 Umbrorum
1262 2490 1450 2540 Capidas)
1487 2496 1554 2527 aut
1582 2502 1654 2539 per
1682 2501 1724 2528 se
1753 2495 1882 2539 patet,
1918 2502 2006 2528 cum
2041 2502 2113 2539 op-

349 2562 445 2612 pida
472 2561 574 2600 unde
604 2561 831 2600 derivantur
861 2566 955 2598 nota
984 2561 1082 2606 sint,
1113 2565 1181 2596 aut
1210 2570 1400 2607 perquam
1431 2558 1632 2607 probabile
1662 2563 1734 2604 est,
1764 2558 1997 2607 praesertim
2025 2569 2114 2598 oum

349 2630 452 2669 idem
479 2630 628 2668 indicet
654 2628 849 2667 Varronis
879 2627 1148 2666 testimonium
1178 2626 1247 2676 (de
1275 2627 1301 2664 l.
1322 2626 1370 2664 L.
1402 2627 1425 2664 8
1448 2633 1547 2663 extr.
1579 2627 1662 2663 hine
1691 2637 1838 2675 quoque
1865 2625 1935 2662 illa
1962 2626 2115 2662 nomina

349 2695 498 2736 Lesas*
534 2697 674 2746 Ufenas
709 2698 894 2737 Carrinas
926 2697 1151 2741 Maecenas;
1190 2707 1286 2744 quae
1316 2707 1397 2732 cum
1426 2700 1547 2732 essent
1572 2694 1620 2732 ab
1651 2693 1750 2739 loco,
1786 2699 1830 2730 ut
1862 2692 2047 2739 Urbinas,
2077 2697 2116 2730 et

349 2779 450 2817 quae
486 2766 703 2815 secuntur).
762 2765 958 2803 Videntur
991 2764 1111 2813 igitur
1146 2762 1325 2800 homines
1362 2775 1412 2799 ex
1447 2762 1604 2811 oppidis
1638 2761 1720 2799 illis
1758 2760 1913 2799 oriundi
1949 2760 2114 2810 originis

349 2834 627 2873 indicationem
657 2846 730 2884 pro
759 2833 933 2871 familiae
962 2832 1119 2870 nomine
1147 2831 1192 2869 in'
1217 2835 1397 2882 posteros
1419 2829 1719 2880 propagavisse‚
1749 2829 1921 2881 fortasse
1942 2834 1985 2867 ut
2003 2833 2113 2878 post-

456 3013 485 3054 ¹)
521 3014 613 3047 Vide
638 3012 845 3045 Mommseni
869 3011 1000 3044 indices
1023 3011 1060 3042 in
1087 3014 1215 3052 quaest.
1242 3009 1341 3042 Rom.
1359 3009 1378 3041 I
1402 3019 1434 3051 p.
1457 3009 1525 3040 107
1538 3018 1581 3040 ss.

454 3074 486 3115 ²)
525 3075 620 3115 Quae
646 3084 716 3107 non
741 3074 824 3105 satis
850 3076 1006 3105 accurate
1031 3072 1187 3103 distinxit
1212 3071 1240 3103 is
1266 3071 1323 3113 qui
1349 3080 1457 3112 nuper
1477 3070 1512 3102 in
1538 3069 1754 3101 formationis
1781 3068 1852 3100 eius
1869 3067 2002 3110 generis
2018 3067 2112 3110 leges

353 3137 528 3179 inquisivit
552 3137 624 3169 Leo
650 3137 796 3178 Meyer
819 3133 1062 3176 grammaticae
1089 3132 1243 3166 Graecae
1270 3136 1304 3164 et
1328 3132 1471 3164 Latinae
1498 3134 1715 3173 comparatae
1742 3131 1762 3162 2
1787 3140 1821 3172 p.
1840 3130 1910 3162 449
1922 3139 1966 3161 ss.

455 3196 486 3237 ³)
523 3199 653 3230 Eorum
683 3207 844 3239 generum
874 3195 1034 3237 exempla
1058 3204 1144 3237 quae
1170 3198 1249 3226 ante
1274 3193 1336 3225 hos
1363 3193 1483 3235 viginti
1510 3202 1617 3224 annos
1643 3191 1819 3234 composui
1843 3191 1880 3222 in
1905 3189 2110 3232 quaestioni-

354 3259 415 3291 bus
442 3259 723 3300 onomatologicis
752 3257 907 3297 (Bonnae
936 3256 1029 3289 1854
1057 3255 1102 3296 8.)
1129 3266 1197 3288 non
1223 3255 1340 3298 paucis
1366 3254 1480 3297 augeri
1507 3264 1596 3286 nunc
1621 3256 1763 3296 possunt
1787 3255 1827 3304 etx
1845 3251 1882 3284 in
1907 3250 2130 3309 quibusdam?

355 3319 546 3360 emendari3
571 3324 608 3352 ut
634 3324 896 3352 consentaneum
922 3323 982 3351 est.
2120 3315 2127 3321 “
