2222 3594
358 215 421 261 88
1144 221 1343 260 HUBNER

355 342 607 382 Sabellorum
631 341 867 381 Sabinorum
888 341 1128 380 Umbrorum
1149 341 1301 390 Piceni,
1331 343 1399 393 qui
1424 348 1488 381 est
1517 349 1657 381 tractus
1688 342 1753 380 ille
1783 342 2050 388 celeberrimus,
2079 345 2123 381 ut
2179 379 2182 385 ,

355 425 445 450 cum
467 409 658 450 Cicerone
686 410 900 460 loquamur
928 410 1019 462 (pro
1040 411 1206 449 Plancio
1229 411 1267 458 9,
1290 410 1374 461 22),
1402 411 1654 460 Venafranus,
1682 410 1895 459 Allifanus,
1926 416 2002 448 tota
2022 411 2126 449 deni·
2195 454 2199 459 ⁴

356 492 427 530 que
455 485 585 517 nostra
614 479 685 516 illa
715 491 854 528 aspera
884 485 919 516 et
945 486 1140 517 montuosa
1169 485 1203 517 et
1230 480 1388 529 simplem
1417 485 1452 517 et
1469 481 1626 529 fautrix
1654 490 1805 517 suorum
1826 481 1940 528 reyio.
1989 478 2037 516 In
2056 478 2125 518 iis·
2172 509 2174 511 >

357 547 445 585 dem
476 548 597 597 igitur
625 547 709 585 fere
728 547 954 597 regionibus
975 547 1093 585 etiam
1113 547 1250 599 ignota
1268 547 1341 585 illa
1360 547 1507 598 oppida
1527 547 1605 585 sita
1623 546 1750 584 fuisse
1769 546 2029 596 probabiliter
2047 551 2124 584 sta—

357 620 501 654 tuetur.
556 615 623 653 Ex
651 618 804 665 antiquo
832 615 948 653 Latio
977 615 1091 652 LIII
1110 616 1247 665 populi
1274 618 1444 654 interiere
1473 618 1552 653 sine
1580 616 1745 664 vestigiis
1773 614 1909 652 Plinio
1939 613 1981 664 (3
2013 614 2127 664 §70)

356 689 478 730 teste3
516 683 632 721 facile
673 683 907 722 crediderim
943 684 1046 721 inter
1079 683 1150 721 illa
1186 684 1340 734 aliquot
1374 695 1510 722 eorum
1547 682 1690 729 fuisse,
1729 695 1750 719 e
1788 681 1930 732 quibus
1967 682 2149 720 nomina¹
2195 684 2201 703 ·'

357 753 455 790 haec
483 752 524 790 in
554 764 650 790 anus
679 751 858 790 derivata
886 757 988 789 sunt.
1047 751 1202 790 Tamen
1229 752 1400 790 fortasse
1430 753 1471 790 in
1499 750 1840 801 inscriptionibus,
1869 750 1909 788 in
1939 749 2128 789 historiae

357 821 548 870 profanae
585 825 625 858 et
660 831 797 858 sacrae
830 819 1122 867 instrumentis,
1159 820 1200 857 in
1228 819 1330 870 ipsis
1359 820 1535 857 locorum
1564 831 1757 870 pagorum
1787 830 1974 869 agrorum
2002 819 2130 869 pai-ie·
2187 849 2190 863 ε

358 889 529 926 tinarum
564 888 810 926 desertarum
846 888 1071 926 nominibus
1097 888 1301 926 hodiernis
1338 887 1534 937 quaedam
1570 900 1705 925 eorum
1742 892 1901 925 servata
1934 892 2042 934 sunt3
2079 887 2130 925 ad
2188 896 2190 899 ·

360 970 407 995 ea
435 957 565 994 denuo
594 956 872 1007 investiganda
899 956 1071 1002 indices,
1101 967 1202 1006 quos
1232 968 1354 1006 supra
1383 955 1494 1002 dedi,
1523 956 1696 994 fortasse
1730 955 1983 993 adiuvabant.

469 1025 847 1064 Demonstravimus
881 1025 1178 1075 grammaticam
1207 1024 1415 1071 rationem,
1447 1036 1525 1074 qua
1553 1024 1716 1061 nomina
1744 1023 1815 1062 illa
1842 1023 2013 1061 formata
2041 1035 2131 1061 esse
2190 1008 2196 1039 3

359 1094 568 1144 probabile
597 1100 670 1132 est.
718 1093 862 1131 Restat
891 1093 1018 1131 altera
1046 1093 1229 1142 quaestio
1259 1105 1384 1142 eaque
1414 1092 1571 1142 gravior
1599 1097 1638 1129 et
1666 1091 1878 1138 difficilior,
1907 1091 2061 1130 scilicet
2089 1095 2133 1129 ut

361 1163 583 1213 explicetur
619 1162 685 1212 qui
721 1162 869 1199 factum
906 1162 958 1199 sit
986 1167 1030 1199 ut
1059 1160 1224 1211 originis
1254 1160 1464 1206 indicatio,
1500 1172 1604 1210 quae
1633 1160 1844 1198 multorum
1874 1165 1935 1198 est
1963 1171 2038 1198 sua
2064 1172 2132 1197 na·

361 1237 470 1278 tura,
501 1231 553 1269 ad
581 1231 699 1269 unius
729 1229 902 1268 hominis
934 1229 1094 1279 eiusque
1123 1229 1253 1280 gentis
1288 1229 1601 1278 designationem
1632 1228 1768 1279 aliqua
1797 1241 1884 1266 cum
1913 1227 2135 1266 constantia

363 1299 519 1338 deflexa
547 1298 780 1348 reperiatur.
1869 1286 1878 1291 .
2180 1334 2181 1337 ,

474 1367 751 1416 Incipiendum
777 1365 933 1404 videtur
961 1365 1002 1402 in
1031 1366 1105 1403 hac
1134 1365 1369 1415 quaestione
1390 1379 1413 1402 a
1433 1364 1747 1415 cognominibus.
1795 1364 1858 1403 Ea
1876 1364 1980 1403 enim
1999 1369 2143 1402 notum·

363 1441 425 1474 est
461 1449 485 1473 a
519 1436 620 1474 locis
657 1435 834 1483 derivata
872 1446 961 1472 esse
990 1446 1070 1471 non
1099 1438 1143 1470 ut
1171 1434 1282 1484 origo
1313 1433 1600 1483 designaretur,
1638 1434 1709 1471 sed
1737 1438 1780 1471 ut
1807 1432 1956 1471 factum
1986 1432 2135 1483 aliquid
2174 1447 2182 1452 ·’

364 1505 496 1543 nobile
531 1504 640 1542 velut
669 1503 835 1540 victoria
872 1515 894 1540 e
930 1502 1093 1553 regione
1123 1502 1194 1539 illa
1222 1507 1425 1551 reportata
1453 1507 1492 1539 et
1520 1501 1669 1540 similia
1698 1514 1786 1539 cum
1818 1501 1933 1539 unius
1963 1500 2135 1540 hominis
2183 1497 2194 1545 J

365 1573 558 1612 memoria
588 1571 798 1610 coniuncta
826 1583 898 1620 per
927 1575 1082 1620 gentem
1114 1571 1199 1608 eius
1230 1575 1491 1608 servarentur.
1543 1569 1643 1608 Eius
1673 1569 1831 1619 generis
1860 1569 1902 1607 in
1931 1581 2028 1607 anus
2057 1568 2135 1606 for·
2184 1578 2188 1590 *

365 1648 474 1680 mata
504 1646 599 1678 sunt
626 1639 837 1689 Africanus
860 1638 1086 1678 Coriolanus
1117 1638 1330 1688 (siquidem
1362 1638 1460 1676 illud
1493 1651 1582 1676 vere
1610 1638 1687 1676 huc
1716 1637 1904 1688 pertinet)
1934 1637 2137 1687 Hispanus
2175 1642 2187 1680 j

367 1711 425 1761 (et
459 1708 688 1759 Hispallus)
725 1708 933 1745 Alontanus
971 1706 1278 1757 (Tarpeiorum)
1310 1707 1503 1745 Serranus
1541 1706 1655 1756 (olim
1685 1706 1860 1745 Saranus
1887 1705 2136 1754 Atiliorum).
2176 1711 2194 1758 3.

366 1779 542 1817 Possunt
571 1776 748 1815 eiusdem
779 1775 935 1827 generis
958 1787 1044 1812 esse
1065 1787 1168 1824 quae
1187 1776 1229 1813 in
1248 1775 1364 1813 fastis
1384 1781 1476 1813 ante
1494 1775 1719 1824 Augustum
1740 1779 1779 1812 et
1798 1774 1903 1823 apud
1925 1774 2138 1824 scriptores
2172 1786 2190 1828 2.

366 1853 573 1898 praeterea
599 1844 850 1895 reperiuntur
878 1856 1003 1894 pauca
1027 1843 1172 1881 similia
1198 1842 1526 1881 Caeliomontanus
1553 1841 1811 1881 Carventanus
1831 1839 2139 1880 *Coritinesanus
2166 1846 2186 1887 ’,ρ

368 1915 619 1965 Freyellanus
649 1912 887 1962 Muyillanus
919 1912 1132 1949 Tuditanus
1158 1911 1425 1949 Tusciuicanus
1450 1911 1654 1950 Vaticanus
1681 1910 1901 1949 Vibulanus.
1952 1908 2031 1961 Sed
2058 1909 2139 1947 for·
2172 1952 2175 1955 ᾗ

367 1990 477 2022 tasse
506 1996 557 2020 ex
577 1986 689 2031 parte
709 1980 833 2018 indita
854 1985 947 2018 sunt
966 1981 1015 2018 ab
1036 1980 1099 2027 iis,
1130 1979 1197 2029 qui
1217 1979 1344 2018 fastos
1366 1984 1687 2029 composuerunt,
1719 1983 1763 2016 ut
1782 1991 1916 2016 veram
1934 1977 2147 2016 hominum
2176 1963 2195 2013 s

369 2052 561 2101 originem
581 2049 819 2095 indicarent3
851 2054 895 2085 ut
913 2048 1088 2086 indicata
1107 2053 1166 2086 est
1186 2048 1325 2098 procul
1345 2047 1464 2086 dubio
1482 2048 1524 2085 in
1544 2046 1595 2085 L.
1618 2046 1781 2097 Papirio
1804 2046 2043 2096 Reyellano,
2073 2045 2141 2096 qui
2181 2062 2187 2079 τ

371 2119 645 2160 Gracchorum
668 2124 847 2168 tempore
868 2118 1135 2154 disertissimus
1156 2116 1305 2154 habitus
1326 2123 1381 2154 est
1399 2128 1443 2153 eoe
1463 2115 1594 2162 Latio,
1625 2120 1669 2152 ut
1689 2113 1829 2153 Cicero
1850 2115 1906 2152 ait
1934 2114 1992 2164 (in
2012 2114 2140 2152 Bruto

370 2188 392 2239 ξ
417 2187 540 2238 170),
578 2194 618 2224 et
652 2186 691 2223 in
729 2186 771 2223 Τ.
802 2185 954 2223 Betutio
984 2185 1115 2222 Barro
1145 2183 1339 2222 Asculano
1371 2182 1535 2234 (Cicero
1564 2182 1710 2221 ibidem
1741 2182 1764 2233 ξ
1791 2181 1912 2233 169).
1968 2182 2143 2232 Reliqua
2179 2190 2187 2223 j

370 2257 457 2295 eius
494 2255 652 2306 generis
689 2253 925 2305 cognomina
960 2253 1185 2290 tenuiorum
1219 2253 1424 2290 hominum
1455 2258 1548 2290 sunt
1576 2251 1728 2298 omnia3
1767 2250 1947 2300 plebeiae
1974 2250 2141 2302 originis
2173 2239 2190 2282 ’-

373 2325 492 2363 etiam
530 2329 735 2361 senatores
774 2322 890 2371 pauci
929 2320 995 2370 qui
1032 2321 1127 2358 dicti
1159 2326 1252 2358 sunt
1289 2320 1477 2359 Cumanus
1512 2319 1743 2358 Hadrianus
1778 2319 1982 2370 Mefitanus
2011 2318 2142 2368 Temp-

371 2405 502 2432 sanus.
557 2391 615 2429 Ut
653 2403 677 2427 a
714 2390 892 2427 locorum
929 2388 1264 2438 appellationibus
1301 2388 1438 2434 ducta,
1476 2400 1577 2438 quae
1613 2394 1652 2425 et
1687 2388 1777 2438 ipsa
1811 2399 1891 2426 non
1919 2386 2142 2437 frequentia
2167 2401 2187 2437 xj

373 2467 478 2508 sunt,
509 2459 633 2498 veluti
663 2459 858 2496 Fontanus
888 2457 1097 2495 flIontanus
1125 2457 1307 2506 Payanus
1328 2456 1505 2506 Ripanus
1534 2456 1698 2494 Vicanus
1726 2455 1915 2503 Urbanus,
1944 2455 2002 2493 ita
2019 2454 2142 2494 Bene·
2178 2451 2191 2492 ξ

372 2535 553 2568 ventanus
574 2526 804 2573 Beneventi,
839 2526 1039 2564 Caietanus
1059 2523 1246 2574 Neapoli,
1279 2524 1495 2574 Campanus
1518 2522 1693 2573 Capuae,
1720 2523 1970 2574 Regalianus
1990 2522 2143 2573 Aquini
2178 2554 2182 2571 5

374 2603 412 2636 et
432 2596 541 2644 alibi,
561 2595 817 2633 Herculanius
837 2593 980 2639 Nolae,
1001 2593 1280 2643 Neapolitanus
1298 2592 1484 2642 Neapoli,
1505 2591 1738 2630 Puteolanus
1754 2591 1947 2638 Puteolis,
1967 2590 2141 2630 Soranus
2169 2584 2185 2603 ’“

374 2666 518 2704 Atinae
546 2664 588 2702 in
609 2662 842 2712 Campania,
869 2662 1109 2709 Venafranus
1129 2661 1341 2707 Marruvii,
1372 2660 1465 2698 item
1488 2660 1703 2698 Cessitanus
1724 2658 1891 2710 Sagunti
1923 2671 2038 2697 verae
2065 2658 2154 2696 ori-.
2215 2685 2218 2697 2

374 2735 479 2786 ginis
509 2731 739 2771 memoriam
770 2730 905 2780 aliqua
933 2730 1086 2767 ratione
1115 2735 1286 2779 possunt
1315 2739 1509 2766 servasse.
1566 2728 1676 2766 Idem
1705 2728 1812 2765 valet
1841 2727 1889 2765 de
1917 2727 2142 2765 nominibus
2171 2723 2184 2764 ss

375 2804 415 2840 in
445 2800 663 2852 provinciis
691 2799 788 2836 satis
809 2797 1096 2847 frequentibus,
1126 2797 1246 2834 veluti
1275 2797 1317 2834 in
1335 2796 1546 2846 Hispania,
1573 2794 1791 2845 Campanus
1811 2795 2018 2833 Firmanus
2040 2795 2143 2833 Fun-
2180 2790 2187 2806 ¹
2215 2807 2219 2847 j

377 2873 500 2909 danus
520 2868 702 2906 Lucanus
727 2866 975 2904 Tusculanus.
1026 2863 1217 2904 Similiter
1246 2864 1499 2902 indicandum
1530 2864 1614 2901 sine
1644 2863 1764 2902 dubio
1794 2863 1842 2901 de
1862 2863 2026 2901 Romani
2051 2860 2178 2914 cog-⁸
2218 2851 2220 2857 ι

375 2938 534 2976 nomine
562 2937 603 2974 in
631 2935 751 2974 Italia
780 2940 818 2972 et
850 2934 890 2971 in
919 2933 1154 2984 provinciis,
1185 2938 1229 2970 ut
1256 2932 1447 2979 vidimus,
1477 2944 1555 2970 non
1585 2932 1796 2969 admodum
1824 2943 1936 2976 raro3
1970 2931 2144 2981 itemque
2172 2930 2179 2967 J.

377 3007 426 3044 de
455 3005 694 3057 populorum
724 3002 971 3048 nominibus,
1010 3001 1132 3038 veluti
1161 3001 1374 3050 Africanus
1405 3000 1621 3050 Campanus
1652 2999 1780 3049 (quod
1807 3011 1886 3036 non
1916 2997 2142 3037 necessario
2166 2996 2186 3037 ‚s

379 3075 430 3112 ad
466 3074 592 3112 solam
622 3071 801 3122 Capuam
837 3069 1084 3107 referendum
1115 3069 1200 3118 est)
1237 3068 1456 3106 Cessitanus
1487 3068 1723 3106 Frentranus
1757 3066 1967 3106 Germanus
1995 3066 2180 3116 Hispa-w

377 3156 447 3181 nus
477 3141 661 3179 Lucanus
690 3139 976 3176 Praetuttianus
1002 3137 1215 3186 Sequanus,
1247 3148 1414 3186 quorum
1440 3135 1650 3174 Germanus
1679 3135 1760 3173 fere
1790 3134 1959 3173 militum
1989 3139 2171 3172 tantum
2209 3126 2213 3130 ’

379 3215 452 3256 est,
482 3210 684 3259 Hispanus
714 3214 828 3244 extra
848 3204 1085 3255 Hispaniam
1114 3217 1240 3255 paene
1269 3205 1501 3242 inauditum.
1547 3203 1627 3243 Sed
1656 3215 1880 3253 quanquam
1910 3201 2027 3239 etiam
2053 3212 2142 3251 cog-
2168 3226 2175 3256 J

380 3277 541 3316 nomina
568 3277 640 3315 illa
668 3275 878 3313 coniuncta
904 3273 1030 3311 fuisse
1059 3273 1191 3322 aliqua
1218 3273 1371 3310 ratione
1400 3284 1487 3310 cum
1508 3258 1660 3322 origine
1679 3270 1814 3321 negari
1834 3269 1983 3320 nequit,
2011 3261 2185 3307 tamen*²

381 3349 527 3383 certum
558 3344 643 3382 eius
673 3343 859 3382 indicium
890 3353 1139 3391 nequaquam
1169 3340 1386 3390 proferunt.
