2222 3594
373 185 435 231 56
1159 192 1359 233 HUBNER

694 315 739 353 P.
770 313 905 354 Aelius
940 314 1151 354 Germanus
1180 315 1362 354 Puteolis
1391 316 1424 353 Ι.
1446 314 1499 354 Ν.
1523 315 1642 354 2927.

696 382 838 445 Arrius
874 383 1085 423 Germanus
1114 383 1373 435 primipilaris
1403 383 1578 434 Neapoli
1606 384 1636 422 Ι.
1658 383 1710 423 N.
1734 385 1854 423 6340.

697 451 747 489 L.
777 453 988 514 Dasumius
1020 450 1230 491 Germanus
1259 451 1437 490 Romae?
1467 464 1570 490 nunc
1599 451 1772 503 Neapoli
1801 453 1834 490 Ι.
1856 451 1905 490 N.
1927 452 2047 491 6496.

698 521 823 558 Iulius
844 519 1053 558 Germanus
1074 521 1251 559 centurio
1271 519 1440 571 legionis
1452 520 1535 558 VII
1555 519 1674 558 Tritii
1695 521 1735 558 in
1755 519 1954 570 Hispania
1973 519 2020 559 C.
2037 520 2069 558 I.
2086 519 2133 559 L.
2214 507 2222 522 Ἰ

809 588 852 626 ΙΙ
873 587 993 627 2887.

700 655 750 694 Α.
781 656 976 694 Publicius
1011 656 1220 695 Germanus
1257 656 1421 695 libertus
1457 656 1636 695 coloniae
1666 655 1876 695 Cordubae
1906 655 1953 695 C.
1973 657 2007 695 I.
2028 655 2076 695 L.
2098 657 2139 695 II

813 723 933 763 2229.

700 794 838 831 Iunius
869 792 1079 831 Germanus
1108 792 1219 831 faber
1249 806 1284 831 a.
1306 793 1386 831 348
1417 791 1628 831 Cordubae
1659 792 1705 831 C.
1727 792 1758 830 I.
1781 791 1829 830 L.
1852 793 1892 830 II
1914 791 2033 831 2211.

706 861 874 901 Caecilia
907 861 1098 899 Germana
1127 861 1329 899 Emeritae
1359 859 1405 899 C.
1426 861 1459 898 Ι.
1481 860 1527 898 L.
1549 861 1592 898 II
1614 861 1705 900 535.

701 929 892 967 Numenia
927 930 972 976 Q.
993 931 1030 978 ·f.
1068 928 1259 968 Germana
1287 929 1508 967 Barcinone
1538 927 1583 967 C.
1605 929 1638 967 Ι.
1659 928 1706 967 L.
1727 929 1767 966 ΙΙ
1790 928 1910 967 4559.

703 998 866 1037 Samnia
900 997 1091 1036 Germana
1120 997 1282 1048 Hispali
1312 996 1358 1036 C.
1380 998 1413 1035 Ι.
1435 996 1482 1035 L.
1503 997 1545 1034 II
1570 997 1686 1035 1237.

708 1066 919 1105 Germanus
949 1066 1115 1103 libertus
1144 1077 1268 1115 prope
1299 1064 1491 1104 Sabotam
1521 1063 1568 1103 C.
1589 1065 1622 1102 Ι.
1642 1064 1688 1103 L.
1710 1065 1753 1103 II
1777 1065 1893 1104 1426.

709 1134 900 1174 Germana
928 1132 1092 1172 Norbae
1124 1131 1168 1171 C.
1197 1133 1227 1171 Ι.
1254 1133 1301 1190 L.
1330 1133 1373 1171 II
1401 1132 1474 1172 721
1511 1138 1550 1171 et
1578 1133 1618 1171 in
1648 1133 1864 1171 Asturibus
1894 1131 1940 1172 C.
1968 1134 1998 1171 I.
2026 1133 2072 1171 L.
2102 1134 2143 1171 II
2218 1109 2222 1116 λ

816 1201 936 1239 2621.

705 1272 762 1308 M.
793 1270 969 1309 Valerius
1005 1262 1216 1309 Germanus
1244 1269 1285 1307 in
1315 1269 1416 1320 pede
1445 1269 1665 1307 Memnonis
1697 1268 1741 1308 G.
1763 1269 1796 1307 Ι.
1817 1269 1864 1307 L.
1884 1270 1949 1307 III
1972 1270 2037 1308 54.

710 1340 750 1379 G.
780 1339 905 1377 Iulius
941 1338 1151 1376 Germanus
1181 1338 1357 1376 centurio
1389 1337 1558 1388 legionis
1589 1336 1634 1376 C.
1657 1337 1688 1374 I.
1709 1337 1757 1376 L.
1778 1337 1843 1375 III
1864 1338 1930 1376 96.

714 1407 755 1445 C.
787 1408 980 1446 Decimius
1016 1406 1225 1445 Germanus
1256 1411 1295 1444 et

707 1477 866 1515 Paccius
902 1475 1112 1514 Ger-manus
1147 1475 1250 1512 inter
1280 1474 1453 1513 cultores
1485 1472 1635 1513 Silvani
1666 1473 1864 1524 Philippis
1895 1472 1941 1512 C.
1962 1474 1996 1512 Ι.
2017 1473 2147 1512 L.111

821 1544 898 1583 633
933 1544 993 1593 (ΙΙ
1015 1543 1052 1591 2,
1075 1555 1107 1580 17
1138 1547 1176 1580 et
1203 1543 1268 1580 III
1290 1542 1327 1589 3,
1348 1542 1396 1592 4).

715 1613 754 1650 T.
776 1613 941 1651 Flavius
967 1611 1178 1651 Germanus
1205 1610 1363 1649 decurio
1385 1610 1564 1649 coloniae
1585 1609 1774 1661 Napocae
1793 1611 2010 1662 imperante
2031 1608 2149 1649 Com-

822 1681 939 1719 modo
970 1679 1016 1719 C.
1038 1680 1070 1718 I.
1093 1679 1138 1717 L.
1161 1680 1222 1717 III
1243 1675 1335 1718 865.
1733 1729 1736 1731 -

712 1748 894 1787 Aurelius
929 1748 1139 1787 Germanus
1168 1747 1377 1786 Potaissae
1407 1748 1447 1784 in
1477 1746 1606 1785 Dacia
1636 1745 1679 1785 C.
1701 1747 1734 1785 I.
1756 1746 1802 1784 L.
1826 1746 1889 1784 III
1911 1746 2003 1785 916.

712 1817 756 1854 Ρ.
787 1817 983 1855 Publicius
1019 1816 1228 1855 Germanus
1258 1815 1447 1854 Naronae
1478 1814 1523 1854 C.
1544 1816 1576 1853 I.
1597 1814 1644 1852 L.
1667 1814 1731 1852 III
1755 1815 1873 1853 1875.

713 1885 761 1923 P.
785 1885 919 1923 Aelius
945 1884 1155 1923 Germanus
1176 1890 1386 1923 veteranus
1407 1896 1457 1922 ex
1477 1883 1687 1922 decurione
1709 1881 1959 1933 Comagenae
1981 1880 2026 1921 C.
2048 1884 2079 1921 I.
2101 1881 2150 1920 L.

826 1953 891 1991 ΙΙΙ
912 1952 1031 1992 5652.
1966 1947 1969 1951 ’

720 2021 881 2060 Cassius
916 2021 1127 2061 Germanus

721 2090 868 2129 Gellius
903 2090 1113 2129 Germanus

715 2159 840 2197 Iulius
866 2158 1077 2197 Germanus
1105 2158 1146 2195 in
1165 2157 1365 2197 laterculis
1387 2157 1719 2196 Troesmensibus
1743 2171 1776 2195 a.
1797 2157 1874 2195 134
1899 2155 1946 2196 C.
1968 2157 2000 2195 I.
2021 2157 2069 2196 L.
2090 2157 2156 2195 III

830 2226 949 2275 6178,
972 2227 1009 2273 3,
1030 2238 1064 2264 20
1084 2237 1118 2263 22
1148 2232 1186 2264 et
1216 2225 1337 2273 6179,
1361 2225 1397 2274 2,
1419 2239 1447 2264 8.

724 2295 914 2334 Germana
954 2293 1114 2334 Salonis
1155 2293 1201 2333 C.
1232 2294 1265 2332 Ι.
1297 2293 1344 2332 L.
1376 2295 1442 2332 III
1472 2293 1576 2333 2589
1618 2298 1657 2332 et
1694 2293 1837 2332 Viruni
1875 2292 1920 2332 C.
1950 2294 1983 2332 I.
2014 2293 2060 2332 L.
2091 2293 2157 2332 III

830 2364 935 2403 4983
948 2378 983 2402 α.
1578 2404 1580 2407 ,

719 2433 876 2471 Nomen
906 2437 1036 2470 utrum
1066 2431 1115 2470 ad
1137 2430 1362 2470 Germanos
1392 2431 1537 2481 ubique
1566 2429 1811 2469 referendum
1842 2442 1891 2467 an
1913 2429 1963 2467 ad
1983 2429 2158 2480 appella-

720 2502 843 2540 tivum
880 2500 1086 2538 diiudicari
1124 2500 1277 2549 nequit3
1314 2512 1394 2537 non
1423 2499 1587 2549 reperiri
1617 2499 1695 2536 nisi
1724 2498 1831 2548 apud
1859 2498 2006 2536 milites
2035 2497 2159 2535 homi-

721 2583 871 2620 nesque
906 2569 1115 2606 libertinae
1150 2568 1391 2606 condicionis
1421 2572 1490 2605 aut
1520 2567 1684 2617 originis
1713 2567 1944 2616 peregrinae
1973 2566 2160 2616 exempla

721 2638 873 2675 docent.
923 2637 970 2674 In
1000 2636 1115 2674 titulo
1137 2636 1382 2685 Pompeiano
1413 2635 1580 2685 graphio
1611 2634 1759 2684 scripto
1781 2633 1825 2673 C.
1847 2634 1880 2672 I.
1902 2633 1949 2671 L.
1970 2633 2031 2671 IV
2055 2632 2159 2671 1972

723 2706 840 2756 quale
869 2717 1011 2743 nomen
1043 2705 1095 2743 sit
1123 2716 1202 2742 non
1231 2703 1488 2754 perspicitur;
1526 2708 1659 2752 potest
1686 2702 1884 2740 hominem
1916 2700 2159 2741 Germanum

726 2774 946 2824 designare.
1131 2774 1139 2778 “

399 2847 648 2885 ΗΑΒΒΙᾸΝνε
733 2842 776 2882 C.
806 2843 952 2880 Fabius
981 2841 1208 2878 Hadrianus
1245 2853 1295 2877 ex
1326 2837 1531 2878 Ciceronis
1558 2837 1738 2876 Verrinis
1778 2841 1897 2876 notus
1934 2836 1988 2887 (v.
2020 2836 2163 2876 Orellii

837 2909 1123 2948 onomastieum
1145 2920 1183 2958 p.
1202 2907 1300 2957 245)
1321 2907 1470 2958 primus
1492 2918 1706 2957 cognomen
1727 2905 1767 2943 id
1786 2905 1944 2960 videtur
1962 2904 2161 2943 habuisse.

837 2979 941 3016 Eum
976 2978 1150 3015 fortasse
1185 2976 1382 3026 plebeium
1416 2975 1562 3021 fuisse,
1599 2987 1678 3012 non
1711 2973 1940 3025 patricium,
1977 2977 2021 3010 ut
2047 2971 2163 3011 Fabii

837 3047 992 3097 reliqui,
1023 3045 1226 3083 adnotavit
1254 3044 1524 3082 Mommsenus
1554 3047 1703 3092 quaest.
1734 3042 1850 3080 Rom.
1885 3042 1902 3078 1
1935 3052 1973 3090 p.
1999 3040 2088 3078 114.

402 3119 713 3158 HERCVLANEVS
729 3117 787 3155 M.
808 3117 934 3155 Iulius
954 3114 1217 3152 Herculaneus
1246 3113 1285 3150 in
1315 3112 1427 3150 titulo
1448 3112 1598 3149 urbano
1620 3110 1738 3149 villae
1758 3109 1852 3148 olim
1874 3107 2078 3158 Campana
2097 3107 2162 3146 de-

841 3184 1002 3234 scripsit
1029 3181 1210 3220 Rossius.

406 3254 644 3304 [HERchA-
733 3254 785 3291 D.
821 3253 974 3292 Clodius
1003 3250 1261 3288 Herculanius
1290 3247 1422 3286 Nolae
1451 3247 1485 3285 Ι.
1507 3245 1558 3284 Ν.
1582 3245 1700 3285 2015.

476 3310 588 3360 NIVS]
733 3321 896 3361 Iscolius
924 3320 1153 3361 Herclanius
1184 3315 1345 3358 Anxani
1373 3316 1405 3354 Ι.
1430 3314 1482 3354 N.
1505 3313 1623 3353 5292.
