<?xml version="1.0" encoding="UTF-8"?>
<!DOCTYPE html PUBLIC "-//W3C//DTD XHTML 1.0 Transitional//EN"
    "http://www.w3.org/TR/xhtml1/DTD/xhtml1-transitional.dtd">
<html xmlns="http://www.w3.org/1999/xhtml" xml:lang="en" lang="en">
 <head>
  <title>
</title>
<meta http-equiv="Content-Type" content="text/html;charset=utf-8" />
  <meta name='ocr-system' content='tesseract 3.04.00' />
  <meta name='ocr-capabilities' content='ocr_page ocr_carea ocr_par ocr_line ocrx_word'/>
</head>
<body>
  <div class='ocr_page' id='page_1' title='image "./ephemerisepigrap02deutuoft_0074.png"; bbox 0 0 2222 3594; ppageno 0'>
   <div class='ocr_carea' id='block_1_1' title="bbox 390 189 1376 247">
    <p class='ocr_par' dir='ltr' id='par_1_1' title="bbox 390 189 1376 247">
     <span class='ocr_line' id='line_1_1' title="bbox 390 189 1376 247; baseline 0.003 -12"><span class='ocrx_word' id='word_1_1' title='bbox 390 189 452 236; x_wconf 81' lang='lat'><strong>66</strong></span> <span class='ocrx_word' id='word_1_2' title='bbox 709 232 719 247; x_wconf 51' lang='grc' dir='ltr'><em>Ι</em></span> <span class='ocrx_word' id='word_1_3' title='bbox 1177 198 1376 238; x_wconf 68' lang='grc' dir='ltr'><strong>ΗῠΒΝΕΒ</strong></span> 
     </span>
    </p>
   </div>
   <div class='ocr_carea' id='block_1_2' title="bbox 933 272 1136 277">
    <p class='ocr_par' dir='ltr' id='par_1_2' title="bbox 933 272 1136 277">
     <span class='ocr_line' id='line_1_2' title="bbox 933 272 1136 277; baseline 0 0"><span class='ocrx_word' id='word_1_4' title='bbox 933 272 1136 277; x_wconf 95' lang='lat' dir='ltr'><strong> </strong></span> 
     </span>
    </p>
   </div>
   <div class='ocr_carea' id='block_1_3' title="bbox 2166 0 2222 419">
    <p class='ocr_par' dir='ltr' id='par_1_3' title="bbox 2166 0 2222 419">
     <span class='ocr_line' id='line_1_3' title="bbox 2166 0 2222 419; baseline 0 3175"><span class='ocrx_word' id='word_1_5' title='bbox 2166 0 2222 419; x_wconf 95' lang='lat' dir='ltr'><strong> </strong></span> 
     </span>
    </p>
   </div>
   <div class='ocr_carea' id='block_1_4' title="bbox 384 316 2222 2215">
    <p class='ocr_par' dir='ltr' id='par_1_4' title="bbox 387 316 2222 711">
     <span class='ocr_line' id='line_1_4' title="bbox 387 316 2157 370; baseline 0.001 -14"><span class='ocrx_word' id='word_1_6' title='bbox 387 316 683 356; x_wconf 74' lang='lat' dir='ltr'>CORVNCANJVS</span> <span class='ocrx_word' id='word_1_7' title='bbox 716 319 771 356; x_wconf 82' lang='lat' dir='ltr'><strong>Ti.</strong></span> <span class='ocrx_word' id='word_1_8' title='bbox 799 319 1058 358; x_wconf 81' lang='lat' dir='ltr'><em>Coruncanius</em></span> <span class='ocrx_word' id='word_1_9' title='bbox 1088 320 1143 358; x_wconf 72' lang='lat' dir='ltr'><strong>Ti.</strong></span> <span class='ocrx_word' id='word_1_10' title='bbox 1166 322 1202 370; x_wconf 85' lang='lat' dir='ltr'><strong><em>s.</em></strong></span> <span class='ocrx_word' id='word_1_11' title='bbox 1239 321 1297 358; x_wconf 81' lang='lat' dir='ltr'><strong>Ti.</strong></span> <span class='ocrx_word' id='word_1_12' title='bbox 1327 333 1363 358; x_wconf 90' lang='lat' dir='ltr'><strong>n.</strong></span> <span class='ocrx_word' id='word_1_13' title='bbox 1397 332 1478 359; x_wconf 84' lang='lat' dir='ltr'><strong>cos.</strong></span> <span class='ocrx_word' id='word_1_14' title='bbox 1510 333 1546 358; x_wconf 84' lang='lat' dir='ltr'><strong>a.</strong></span> <span class='ocrx_word' id='word_1_15' title='bbox 1569 321 1662 367; x_wconf 90' lang='lat'>474,</span> <span class='ocrx_word' id='word_1_16' title='bbox 1693 321 1863 358; x_wconf 85' lang='lat' dir='ltr'><strong>dictator</strong></span> <span class='ocrx_word' id='word_1_17' title='bbox 1892 333 1927 358; x_wconf 85' lang='lat' dir='ltr'><strong>a.</strong></span> <span class='ocrx_word' id='word_1_18' title='bbox 1949 319 2043 367; x_wconf 88' lang='grc'>508,</span> <span class='ocrx_word' id='word_1_19' title='bbox 2071 319 2157 358; x_wconf 86' lang='lat' dir='ltr'><strong>iure</strong></span> 
     </span>
     <span class='ocr_line' id='line_1_5' title="bbox 824 386 2222 437; baseline -0.001 -11"><span class='ocrx_word' id='word_1_20' title='bbox 824 388 1028 426; x_wconf 84' lang='lat' dir='ltr'><strong>consultus</strong></span> <span class='ocrx_word' id='word_1_21' title='bbox 1069 393 1247 427; x_wconf 85' lang='lat' dir='ltr'><strong>vetustus</strong></span> <span class='ocrx_word' id='word_1_22' title='bbox 1291 402 1342 426; x_wconf 89' lang='lat' dir='ltr'><strong>ex</strong></span> <span class='ocrx_word' id='word_1_23' title='bbox 1385 388 1500 427; x_wconf 84' lang='lat' dir='ltr'><strong>fastis</strong></span> <span class='ocrx_word' id='word_1_24' title='bbox 1543 393 1582 426; x_wconf 79' lang='lat' dir='ltr'><strong>et</strong></span> <span class='ocrx_word' id='word_1_25' title='bbox 1620 389 1778 427; x_wconf 82' lang='lat' dir='ltr'>aliunde</span> <span class='ocrx_word' id='word_1_26' title='bbox 1814 395 1933 426; x_wconf 84' lang='lat' dir='ltr'><strong>notus</strong></span> <span class='ocrx_word' id='word_1_27' title='bbox 1973 386 2156 426; x_wconf 84' lang='lat' dir='ltr'><strong>Camerio</strong></span> <span class='ocrx_word' id='word_1_28' title='bbox 2213 403 2222 437; x_wconf 45' lang='grc' dir='ltr'>ς</span> 
     </span>
     <span class='ocr_line' id='line_1_6' title="bbox 823 454 2157 507; baseline -0.001 -13"><span class='ocrx_word' id='word_1_29' title='bbox 823 456 1012 495; x_wconf 89' lang='lat' dir='ltr'><strong>oriundus</strong></span> <span class='ocrx_word' id='word_1_30' title='bbox 1058 462 1143 494; x_wconf 85' lang='lat' dir='ltr'><strong>erat</strong></span> <span class='ocrx_word' id='word_1_31' title='bbox 1186 457 1402 495; x_wconf 86' lang='lat' dir='ltr'><strong>secundum</strong></span> <span class='ocrx_word' id='word_1_32' title='bbox 1447 457 1664 495; x_wconf 86' lang='lat' dir='ltr'><strong>doctrinam</strong></span> <span class='ocrx_word' id='word_1_33' title='bbox 1708 456 1960 507; x_wconf 83' lang='lat' dir='ltr'><strong>imperatoris</strong></span> <span class='ocrx_word' id='word_1_34' title='bbox 2000 454 2157 495; x_wconf 75' lang='lat' dir='ltr'><strong>Claudii</strong></span> 
     </span>
     <span class='ocr_line' id='line_1_7' title="bbox 823 506 2222 575; baseline 0.001 -12"><span class='ocrx_word' id='word_1_35' title='bbox 823 525 927 575; x_wconf 87' lang='lat' dir='ltr'><strong>apud</strong></span> <span class='ocrx_word' id='word_1_36' title='bbox 966 524 1150 563; x_wconf 87' lang='lat' dir='ltr'><strong>Tacitum</strong></span> <span class='ocrx_word' id='word_1_37' title='bbox 1187 538 1275 564; x_wconf 92' lang='lat' dir='ltr'><strong>ann.</strong></span> <span class='ocrx_word' id='word_1_38' title='bbox 1308 527 1376 572; x_wconf 90' lang='grc'><strong>11,</strong></span> <span class='ocrx_word' id='word_1_39' title='bbox 1407 524 1480 572; x_wconf 82' lang='grc'>24;</span> <span class='ocrx_word' id='word_1_40' title='bbox 1519 523 1658 563; x_wconf 88' lang='lat' dir='ltr'><strong>Cicero</strong></span> <span class='ocrx_word' id='word_1_41' title='bbox 1696 525 1966 563; x_wconf 89' lang='lat' dir='ltr'><strong>Tusculanum</strong></span> <span class='ocrx_word' id='word_1_42' title='bbox 2002 523 2158 562; x_wconf 81' lang='lat' dir='ltr'><strong>dixerat</strong></span> <span class='ocrx_word' id='word_1_43' title='bbox 2211 506 2222 565; x_wconf 55' lang='grc' dir='ltr'>Ξ</span> 
     </span>
     <span class='ocr_line' id='line_1_8' title="bbox 822 574 2222 643; baseline -0.001 -12"><span class='ocrx_word' id='word_1_44' title='bbox 822 594 864 631; x_wconf 90' lang='lat' dir='ltr'><strong>in</strong></span> <span class='ocrx_word' id='word_1_45' title='bbox 899 593 1118 631; x_wconf 85' lang='lat' dir='ltr'><strong>Planciana</strong></span> <span class='ocrx_word' id='word_1_46' title='bbox 1148 592 1191 640; x_wconf 89' lang='lat'><strong>8,</strong></span> <span class='ocrx_word' id='word_1_47' title='bbox 1224 593 1288 631; x_wconf 90' lang='lat'><strong>20.</strong></span> <span class='ocrx_word' id='word_1_48' title='bbox 1357 592 1515 631; x_wconf 87' lang='lat' dir='ltr'>Nomen</span> <span class='ocrx_word' id='word_1_49' title='bbox 1553 598 1759 643; x_wconf 87' lang='lat' dir='ltr'><strong>praeterea</strong></span> <span class='ocrx_word' id='word_1_50' title='bbox 1798 592 1904 642; x_wconf 88' lang='lat' dir='ltr'><strong>apud</strong></span> <span class='ocrx_word' id='word_1_51' title='bbox 1945 592 2158 643; x_wconf 81' lang='lat' dir='ltr'><strong>scriptores</strong></span> <span class='ocrx_word' id='word_1_52' title='bbox 2212 574 2222 597; x_wconf 62' lang='lat'><em>³</em></span> 
     </span>
     <span class='ocr_line' id='line_1_9' title="bbox 823 661 2220 711; baseline 0 -13"><span class='ocrx_word' id='word_1_53' title='bbox 823 667 1015 711; x_wconf 86' lang='lat' dir='ltr'><strong>quantum</strong></span> <span class='ocrx_word' id='word_1_54' title='bbox 1046 661 1130 700; x_wconf 86' lang='lat' dir='ltr'><strong>scio</strong></span> <span class='ocrx_word' id='word_1_55' title='bbox 1160 673 1358 710; x_wconf 84' lang='lat' dir='ltr'><strong>nusquam</strong></span> <span class='ocrx_word' id='word_1_56' title='bbox 1387 661 1543 711; x_wconf 88' lang='lat' dir='ltr'><strong>legitur.</strong></span> <span class='ocrx_word' id='word_1_57' title='bbox 2216 707 2220 710; x_wconf 17' lang='grc' dir='ltr'><em>Ὗ</em></span> 
     </span>
    </p>

    <p class='ocr_par' dir='ltr' id='par_1_5' title="bbox 715 726 2222 973">
     <span class='ocr_line' id='line_1_10' title="bbox 715 727 2178 779; baseline 0.001 -12"><span class='ocrx_word' id='word_1_58' title='bbox 715 729 755 767; x_wconf 83' lang='lat' dir='ltr'><strong><em>C.</em></strong></span> <span class='ocrx_word' id='word_1_59' title='bbox 783 727 1046 768; x_wconf 75' lang='lat' dir='ltr'><em>Coruncanius</em></span> <span class='ocrx_word' id='word_1_60' title='bbox 1071 730 1110 768; x_wconf 81' lang='lat' dir='ltr'><strong><em>C.</em></strong></span> <span class='ocrx_word' id='word_1_61' title='bbox 1133 730 1169 778; x_wconf 84' lang='lat' dir='ltr'><strong><em>s.</em></strong></span> <span class='ocrx_word' id='word_1_62' title='bbox 1191 729 1360 779; x_wconf 85' lang='lat' dir='ltr'><strong>Pol(lia)</strong></span> <span class='ocrx_word' id='word_1_63' title='bbox 1388 729 1546 774; x_wconf 83' lang='lat' dir='ltr'><strong>Oricula</strong></span> <span class='ocrx_word' id='word_1_64' title='bbox 1575 728 1797 779; x_wconf 82' lang='lat' dir='ltr'>praefectus</span> <span class='ocrx_word' id='word_1_65' title='bbox 1827 729 1982 767; x_wconf 85' lang='lat' dir='ltr'><strong>fabrum</strong></span> <span class='ocrx_word' id='word_1_66' title='bbox 2006 728 2178 769; x_wconf 82' lang='lat' dir='ltr'><strong>Romae.</strong></span> 
     </span>
     <span class='ocr_line' id='line_1_11' title="bbox 825 795 2222 853; baseline -0.001 -17"><span class='ocrx_word' id='word_1_67' title='bbox 825 796 941 837; x_wconf 83' lang='lat' dir='ltr'><strong>Grut.</strong></span> <span class='ocrx_word' id='word_1_68' title='bbox 964 798 1056 844; x_wconf 83' lang='lat'>398,</span> <span class='ocrx_word' id='word_1_69' title='bbox 1082 798 1131 835; x_wconf 90' lang='grc'><strong>10</strong></span> <span class='ocrx_word' id='word_1_70' title='bbox 1161 810 1211 835; x_wconf 88' lang='lat' dir='ltr'><strong>ex</strong></span> <span class='ocrx_word' id='word_1_71' title='bbox 1235 797 1403 836; x_wconf 89' lang='lat' dir='ltr'><strong>Knibbii</strong></span> <span class='ocrx_word' id='word_1_72' title='bbox 1432 804 1472 835; x_wconf 80' lang='lat' dir='ltr'><strong>et</strong></span> <span class='ocrx_word' id='word_1_73' title='bbox 1490 796 1631 835; x_wconf 85' lang='lat' dir='ltr'>Ursini</span> <span class='ocrx_word' id='word_1_74' title='bbox 1662 797 1842 844; x_wconf 83' lang='lat' dir='ltr'><strong>schedis3</strong></span> <span class='ocrx_word' id='word_1_75' title='bbox 1873 795 1995 835; x_wconf 85' lang='lat' dir='ltr'><strong>Smet.</strong></span> <span class='ocrx_word' id='word_1_76' title='bbox 2018 796 2084 844; x_wconf 87' lang='lat'>90,</span> <span class='ocrx_word' id='word_1_77' title='bbox 2107 796 2155 834; x_wconf 89' lang='lat'>17</span> <span class='ocrx_word' id='word_1_78' title='bbox 2216 819 2222 853; x_wconf 58' lang='lat'><strong>4-</strong></span> 
     </span>
     <span class='ocr_line' id='line_1_12' title="bbox 825 863 2158 916; baseline -0.001 -12"><span class='ocrx_word' id='word_1_79' title='bbox 825 866 939 915; x_wconf 88' lang='lat' dir='ltr'><strong>(inde</strong></span> <span class='ocrx_word' id='word_1_80' title='bbox 970 865 1085 905; x_wconf 85' lang='lat' dir='ltr'><strong>Grut.</strong></span> <span class='ocrx_word' id='word_1_81' title='bbox 1119 866 1217 913; x_wconf 87' lang='lat'>385,</span> <span class='ocrx_word' id='word_1_82' title='bbox 1250 866 1291 913; x_wconf 83' lang='lat'><strong>53</strong></span> <span class='ocrx_word' id='word_1_83' title='bbox 1332 865 1458 904; x_wconf 88' lang='lat' dir='ltr'><strong>Orell.</strong></span> <span class='ocrx_word' id='word_1_84' title='bbox 1493 865 1623 915; x_wconf 87' lang='grc'>1378)</span> <span class='ocrx_word' id='word_1_85' title='bbox 1661 866 1727 916; x_wconf 92' lang='lat' dir='ltr'><strong>qui</strong></span> <span class='ocrx_word' id='word_1_86' title='bbox 1763 864 1862 903; x_wconf 84' lang='lat' dir='ltr'><strong>vidit</strong></span> <span class='ocrx_word' id='word_1_87' title='bbox 1895 863 2158 903; x_wconf 81' lang='lat' dir='ltr'><strong>Caruncanius</strong></span> 
     </span>
     <span class='ocr_line' id='line_1_13' title="bbox 822 926 2222 973; baseline 0.001 -2"><span class='ocrx_word' id='word_1_88' title='bbox 822 934 954 973; x_wconf 86' lang='lat' dir='ltr'><strong>habet.</strong></span> <span class='ocrx_word' id='word_1_89' title='bbox 2220 926 2222 930; x_wconf 43' lang='lat'><strong><em>¹</em></strong></span> 
     </span>
    </p>

    <p class='ocr_par' dir='ltr' id='par_1_6' title="bbox 716 998 2156 1121">
     <span class='ocr_line' id='line_1_14' title="bbox 716 998 2156 1048; baseline -0.001 -9"><span class='ocrx_word' id='word_1_90' title='bbox 716 1002 760 1048; x_wconf 78' lang='lat' dir='ltr'><strong><em>Q.</em></strong></span> <span class='ocrx_word' id='word_1_91' title='bbox 789 1001 1055 1042; x_wconf 78' lang='lat' dir='ltr'><strong>Caruncanius</strong></span> <span class='ocrx_word' id='word_1_92' title='bbox 1078 1001 1228 1041; x_wconf 81' lang='lat' dir='ltr'><strong>Statius</strong></span> <span class='ocrx_word' id='word_1_93' title='bbox 1258 1015 1345 1040; x_wconf 90' lang='lat' dir='ltr'><strong>cum</strong></span> <span class='ocrx_word' id='word_1_94' title='bbox 1375 1002 1529 1040; x_wconf 86' lang='lat' dir='ltr'><strong>libertis</strong></span> <span class='ocrx_word' id='word_1_95' title='bbox 1561 1002 1714 1040; x_wconf 87' lang='lat' dir='ltr'><strong>duobus</strong></span> <span class='ocrx_word' id='word_1_96' title='bbox 1741 1001 1894 1039; x_wconf 86' lang='lat' dir='ltr'><strong>Romae</strong></span> <span class='ocrx_word' id='word_1_97' title='bbox 1919 998 2041 1040; x_wconf 78' lang='lat' dir='ltr'><strong>Smet.</strong></span> <span class='ocrx_word' id='word_1_98' title='bbox 2067 1000 2156 1048; x_wconf 87' lang='lat'><strong>133,</strong></span> 
     </span>
     <span class='ocr_line' id='line_1_15' title="bbox 826 1069 1587 1121; baseline 0 -13"><span class='ocrx_word' id='word_1_99' title='bbox 826 1072 872 1109; x_wconf 89' lang='lat'>11</span> <span class='ocrx_word' id='word_1_100' title='bbox 909 1071 1019 1121; x_wconf 87' lang='lat' dir='ltr'><strong>(inde</strong></span> <span class='ocrx_word' id='word_1_101' title='bbox 1051 1070 1166 1110; x_wconf 87' lang='lat' dir='ltr'><strong>Grut.</strong></span> <span class='ocrx_word' id='word_1_102' title='bbox 1189 1070 1281 1119; x_wconf 85' lang='lat'>971,</span> <span class='ocrx_word' id='word_1_103' title='bbox 1305 1069 1347 1120; x_wconf 90' lang='lat'><strong>8)</strong></span> <span class='ocrx_word' id='word_1_104' title='bbox 1378 1071 1446 1119; x_wconf 89' lang='lat' dir='ltr'><strong>qui</strong></span> <span class='ocrx_word' id='word_1_105' title='bbox 1475 1070 1587 1108; x_wconf 86' lang='lat' dir='ltr'><strong>vidit.</strong></span> 
     </span>
    </p>

    <p class='ocr_par' dir='ltr' id='par_1_7' title="bbox 717 1137 2156 1258">
     <span class='ocr_line' id='line_1_16' title="bbox 717 1137 2156 1189; baseline -0.003 -10"><span class='ocrx_word' id='word_1_106' title='bbox 717 1140 885 1179; x_wconf 80' lang='lat' dir='ltr'><strong>Caecilia</strong></span> <span class='ocrx_word' id='word_1_107' title='bbox 916 1139 1112 1189; x_wconf 81' lang='lat' dir='ltr'><strong>quaedam</strong></span> <span class='ocrx_word' id='word_1_108' title='bbox 1142 1144 1184 1177; x_wconf 87' lang='lat' dir='ltr'><strong>ut</strong></span> <span class='ocrx_word' id='word_1_109' title='bbox 1212 1138 1366 1176; x_wconf 89' lang='lat' dir='ltr'><strong>videtur</strong></span> <span class='ocrx_word' id='word_1_110' title='bbox 1393 1138 1634 1178; x_wconf 79' lang='lat' dir='ltr'><strong>Coruncania</strong></span> <span class='ocrx_word' id='word_1_111' title='bbox 1653 1137 1856 1177; x_wconf 83' lang='lat' dir='ltr'><strong>Rusicade</strong></span> <span class='ocrx_word' id='word_1_112' title='bbox 1875 1137 2022 1176; x_wconf 89' lang='lat' dir='ltr'><strong>Renier</strong></span> <span class='ocrx_word' id='word_1_113' title='bbox 2041 1139 2156 1175; x_wconf 80' lang='lat' dir='ltr'><strong>inser.</strong></span> 
     </span>
     <span class='ocr_line' id='line_1_17' title="bbox 822 1206 1535 1258; baseline -0.001 -13"><span class='ocrx_word' id='word_1_114' title='bbox 822 1209 867 1246; x_wconf 83' lang='lat' dir='ltr'><strong>de</strong></span> <span class='ocrx_word' id='word_1_115' title='bbox 899 1206 1014 1258; x_wconf 73' lang='lat' dir='ltr'><strong><em>l’Aly.</em></strong></span> <span class='ocrx_word' id='word_1_116' title='bbox 1048 1207 1153 1246; x_wconf 85' lang='grc'>2169</span> <span class='ocrx_word' id='word_1_117' title='bbox 1185 1206 1373 1256; x_wconf 86' lang='lat' dir='ltr'><strong>(Henzen</strong></span> <span class='ocrx_word' id='word_1_118' title='bbox 1396 1206 1535 1257; x_wconf 80' lang='lat'><strong>6956).</strong></span> 
     </span>
    </p>

    <p class='ocr_par' dir='ltr' id='par_1_8' title="bbox 713 1274 2158 1326">
     <span class='ocr_line' id='line_1_18' title="bbox 713 1274 2158 1326; baseline -0.002 -12"><span class='ocrx_word' id='word_1_119' title='bbox 713 1274 954 1314; x_wconf 83' lang='lat' dir='ltr'><strong>Caruncanii</strong></span> <span class='ocrx_word' id='word_1_120' title='bbox 989 1276 1144 1314; x_wconf 86' lang='lat' dir='ltr'><strong>nullum</strong></span> <span class='ocrx_word' id='word_1_121' title='bbox 1179 1280 1386 1326; x_wconf 83' lang='lat' dir='ltr'><strong>praeterea</strong></span> <span class='ocrx_word' id='word_1_122' title='bbox 1415 1274 1639 1325; x_wconf 84' lang='lat' dir='ltr'><strong>exemplum</strong></span> <span class='ocrx_word' id='word_1_123' title='bbox 1671 1275 1783 1323; x_wconf 90' lang='lat' dir='ltr'><strong>novi;</strong></span> <span class='ocrx_word' id='word_1_124' title='bbox 1820 1279 1863 1313; x_wconf 84' lang='lat' dir='ltr'><strong>ut</strong></span> <span class='ocrx_word' id='word_1_125' title='bbox 1891 1279 2023 1312; x_wconf 88' lang='lat' dir='ltr'><strong>utrum</strong></span> <span class='ocrx_word' id='word_1_126' title='bbox 2052 1278 2158 1312; x_wconf 83' lang='lat' dir='ltr'><strong>recte</strong></span> 
     </span>
    </p>

    <p class='ocr_par' dir='ltr' id='par_1_9' title="bbox 711 1343 2222 1532">
     <span class='ocr_line' id='line_1_19' title="bbox 711 1343 1513 1395; baseline 0 -13"><span class='ocrx_word' id='word_1_127' title='bbox 711 1345 854 1395; x_wconf 87' lang='lat' dir='ltr'><strong>legerit</strong></span> <span class='ocrx_word' id='word_1_128' title='bbox 884 1343 1059 1384; x_wconf 85' lang='lat' dir='ltr'><strong>Smetius</strong></span> <span class='ocrx_word' id='word_1_129' title='bbox 1090 1356 1213 1382; x_wconf 90' lang='lat' dir='ltr'><strong>necne</strong></span> <span class='ocrx_word' id='word_1_130' title='bbox 1243 1356 1323 1382; x_wconf 90' lang='lat' dir='ltr'><strong>non</strong></span> <span class='ocrx_word' id='word_1_131' title='bbox 1352 1343 1513 1393; x_wconf 79' lang='lat' dir='ltr'><strong>liqueat.</strong></span> 
     </span>
     <span class='ocr_line' id='line_1_20' title="bbox 766 1409 2222 1461; baseline -0.002 -10"><span class='ocrx_word' id='word_1_132' title='bbox 766 1412 925 1451; x_wconf 86' lang='lat' dir='ltr'><strong>Nomen</strong></span> <span class='ocrx_word' id='word_1_133' title='bbox 955 1426 1006 1451; x_wconf 86' lang='lat' dir='ltr'><strong>ex</strong></span> <span class='ocrx_word' id='word_1_134' title='bbox 1037 1413 1173 1452; x_wconf 90' lang='lat' dir='ltr'><strong>eadem</strong></span> <span class='ocrx_word' id='word_1_135' title='bbox 1202 1412 1375 1450; x_wconf 82' lang='lat' dir='ltr'><strong>fortasse</strong></span> <span class='ocrx_word' id='word_1_136' title='bbox 1405 1411 1538 1450; x_wconf 87' lang='lat' dir='ltr'><strong>radice</strong></span> <span class='ocrx_word' id='word_1_137' title='bbox 1568 1411 1752 1461; x_wconf 89' lang='lat' dir='ltr'><strong>provenit</strong></span> <span class='ocrx_word' id='word_1_138' title='bbox 1780 1417 1825 1448; x_wconf 86' lang='lat' dir='ltr'><strong>ut</strong></span> <span class='ocrx_word' id='word_1_139' title='bbox 1857 1410 1956 1450; x_wconf 83' lang='lat' dir='ltr'><strong>Cora</strong></span> <span class='ocrx_word' id='word_1_140' title='bbox 1988 1409 2158 1450; x_wconf 68' lang='lat' dir='ltr'><strong>Coralius</strong></span> <span class='ocrx_word' id='word_1_141' title='bbox 2215 1416 2222 1449; x_wconf 78' lang='grc' dir='ltr'><strong>4ἶ</strong></span> 
     </span>
     <span class='ocr_line' id='line_1_21' title="bbox 712 1479 1547 1532; baseline -0.002 -13"><span class='ocrx_word' id='word_1_142' title='bbox 712 1486 751 1519; x_wconf 83' lang='lat' dir='ltr'><strong>et</strong></span> <span class='ocrx_word' id='word_1_143' title='bbox 780 1481 1089 1532; x_wconf 83' lang='lat' dir='ltr'><strong>comparandum</strong></span> <span class='ocrx_word' id='word_1_144' title='bbox 1121 1486 1182 1519; x_wconf 84' lang='lat' dir='ltr'><strong>est</strong></span> <span class='ocrx_word' id='word_1_145' title='bbox 1211 1493 1300 1518; x_wconf 87' lang='lat' dir='ltr'><strong>cum</strong></span> <span class='ocrx_word' id='word_1_146' title='bbox 1330 1479 1547 1521; x_wconf 79' lang='lat' dir='ltr'><strong>Auruncus.</strong></span> 
     </span>
    </p>

    <p class='ocr_par' dir='ltr' id='par_1_10' title="bbox 386 1546 2054 1600">
     <span class='ocr_line' id='line_1_22' title="bbox 386 1546 2054 1600; baseline -0.004 -11"><span class='ocrx_word' id='word_1_147' title='bbox 386 1550 569 1590; x_wconf 80' lang='lat' dir='ltr'>D1AN1vs</span> <span class='ocrx_word' id='word_1_148' title='bbox 717 1550 762 1588; x_wconf 93' lang='lat' dir='ltr'><strong><em>P.</em></strong></span> <span class='ocrx_word' id='word_1_149' title='bbox 794 1550 919 1587; x_wconf 78' lang='lat' dir='ltr'><strong>Diani</strong></span> <span class='ocrx_word' id='word_1_150' title='bbox 947 1549 991 1587; x_wconf 88' lang='lat' dir='ltr'><strong>P.</strong></span> <span class='ocrx_word' id='word_1_151' title='bbox 1014 1551 1052 1600; x_wconf 85' lang='lat' dir='ltr'><strong><em>f.</em></strong></span> <span class='ocrx_word' id='word_1_152' title='bbox 1083 1548 1250 1599; x_wconf 77' lang='lat' dir='ltr'><strong>Fab(ia)</strong></span> <span class='ocrx_word' id='word_1_153' title='bbox 1279 1548 1397 1598; x_wconf 73' lang='lat' dir='ltr'><strong>Niyri</strong></span> <span class='ocrx_word' id='word_1_154' title='bbox 1426 1560 1516 1587; x_wconf 86' lang='lat' dir='ltr'><strong>ossa</strong></span> <span class='ocrx_word' id='word_1_155' title='bbox 1546 1547 1708 1587; x_wconf 90' lang='lat' dir='ltr'><strong>Colucci</strong></span> <span class='ocrx_word' id='word_1_156' title='bbox 1736 1546 1873 1586; x_wconf 82' lang='lat' dir='ltr'><strong>Ascoli</strong></span> <span class='ocrx_word' id='word_1_157' title='bbox 1901 1559 1939 1596; x_wconf 91' lang='lat' dir='ltr'><strong>p.</strong></span> <span class='ocrx_word' id='word_1_158' title='bbox 1964 1546 2054 1584; x_wconf 88' lang='lat'>148.</span> 
     </span>
    </p>

    <p class='ocr_par' dir='ltr' id='par_1_11' title="bbox 711 1614 2222 1668">
     <span class='ocr_line' id='line_1_23' title="bbox 711 1614 2222 1668; baseline -0.003 -12"><span class='ocrx_word' id='word_1_159' title='bbox 711 1619 899 1656; x_wconf 82' lang='lat' dir='ltr'><strong>Dianium</strong></span> <span class='ocrx_word' id='word_1_160' title='bbox 927 1618 1062 1656; x_wconf 86' lang='lat' dir='ltr'><strong>insula</strong></span> <span class='ocrx_word' id='word_1_161' title='bbox 1091 1618 1132 1655; x_wconf 90' lang='lat' dir='ltr'><strong>in</strong></span> <span class='ocrx_word' id='word_1_162' title='bbox 1163 1617 1253 1655; x_wconf 90' lang='lat' dir='ltr'><strong>sinu</strong></span> <span class='ocrx_word' id='word_1_163' title='bbox 1275 1615 1450 1663; x_wconf 85' lang='lat' dir='ltr'><strong>Cosano,</strong></span> <span class='ocrx_word' id='word_1_164' title='bbox 1480 1616 1574 1654; x_wconf 87' lang='lat' dir='ltr'><strong>item</strong></span> <span class='ocrx_word' id='word_1_165' title='bbox 1599 1615 1789 1667; x_wconf 89' lang='lat' dir='ltr'><strong>oppidum</strong></span> <span class='ocrx_word' id='word_1_166' title='bbox 1807 1614 2029 1664; x_wconf 86' lang='lat' dir='ltr'><strong>Hispaniae</strong></span> <span class='ocrx_word' id='word_1_167' title='bbox 2049 1618 2156 1652; x_wconf 86' lang='lat' dir='ltr'><strong>nota.</strong></span> <span class='ocrx_word' id='word_1_168' title='bbox 2215 1644 2222 1668; x_wconf 49' lang='lat'><strong>,3</strong></span> 
     </span>
    </p>

    <p class='ocr_par' dir='ltr' id='par_1_12' title="bbox 711 1678 2222 1740">
     <span class='ocr_line' id='line_1_24' title="bbox 711 1682 2157 1735; baseline -0.003 -11"><span class='ocrx_word' id='word_1_169' title='bbox 711 1686 852 1725; x_wconf 82' lang='lat' dir='ltr'><strong>Lectio</strong></span> <span class='ocrx_word' id='word_1_170' title='bbox 883 1686 988 1724; x_wconf 85' lang='lat' dir='ltr'><strong>tituli</strong></span> <span class='ocrx_word' id='word_1_171' title='bbox 1018 1698 1096 1724; x_wconf 91' lang='lat' dir='ltr'><strong>non</strong></span> <span class='ocrx_word' id='word_1_172' title='bbox 1129 1686 1227 1724; x_wconf 86' lang='lat' dir='ltr'><strong>satis</strong></span> <span class='ocrx_word' id='word_1_173' title='bbox 1257 1690 1384 1732; x_wconf 84' lang='lat' dir='ltr'><strong>certa3</strong></span> <span class='ocrx_word' id='word_1_174' title='bbox 1415 1689 1547 1735; x_wconf 80' lang='lat' dir='ltr'><strong>potest</strong></span> <span class='ocrx_word' id='word_1_175' title='bbox 1577 1689 1707 1722; x_wconf 84' lang='lat' dir='ltr'><strong>autem</strong></span> <span class='ocrx_word' id='word_1_176' title='bbox 1728 1695 1881 1734; x_wconf 16' lang='lat' dir='ltr'><strong>‘nomen</strong></span> <span class='ocrx_word' id='word_1_177' title='bbox 1911 1682 2028 1721; x_wconf 85' lang='lat' dir='ltr'><strong>etiam</strong></span> <span class='ocrx_word' id='word_1_178' title='bbox 2058 1682 2157 1720; x_wconf 79' lang='lat' dir='ltr'><strong>Dia·</strong></span> 
     </span>
    </p>

    <p class='ocr_par' dir='ltr' id='par_1_13' title="bbox 711 1741 2222 1793">
     <span class='ocr_line' id='line_1_25' title="bbox 711 1741 2222 1793; baseline -0.005 0"><span class='ocrx_word' id='word_1_179' title='bbox 711 1768 782 1793; x_wconf 90' lang='lat' dir='ltr'><strong>nus</strong></span> <span class='ocrx_word' id='word_1_180' title='bbox 813 1755 948 1793; x_wconf 84' lang='lat' dir='ltr'><strong>fuisse.</strong></span> <span class='ocrx_word' id='word_1_181' title='bbox 2214 1741 2222 1756; x_wconf 49' lang='lat'><strong>⁸*</strong></span> 
     </span>
    </p>

    <p class='ocr_par' dir='ltr' id='par_1_14' title="bbox 384 1820 1608 1871">
     <span class='ocr_line' id='line_1_26' title="bbox 384 1820 1608 1871; baseline -0.003 -9"><span class='ocrx_word' id='word_1_182' title='bbox 384 1824 672 1863; x_wconf 80' lang='lat' dir='ltr'>DISTVLANIVS</span> <span class='ocrx_word' id='word_1_183' title='bbox 716 1823 759 1862; x_wconf 85' lang='lat' dir='ltr'><strong><em>C.</em></strong></span> <span class='ocrx_word' id='word_1_184' title='bbox 789 1825 1037 1861; x_wconf 78' lang='lat' dir='ltr'><strong>Distulanius</strong></span> <span class='ocrx_word' id='word_1_185' title='bbox 1067 1822 1258 1860; x_wconf 71' lang='lat' dir='ltr'><strong>Maoeimus</strong></span> <span class='ocrx_word' id='word_1_186' title='bbox 1287 1827 1402 1871; x_wconf 87' lang='lat' dir='ltr'><strong>pater</strong></span> <span class='ocrx_word' id='word_1_187' title='bbox 1432 1825 1471 1859; x_wconf 83' lang='lat' dir='ltr'><strong>et</strong></span> <span class='ocrx_word' id='word_1_188' title='bbox 1501 1820 1608 1858; x_wconf 89' lang='lat' dir='ltr'><strong>filius</strong></span> 
     </span>
    </p>

    <p class='ocr_par' dir='ltr' id='par_1_15' title="bbox 710 1892 1167 1931">
     <span class='ocr_line' id='line_1_27' title="bbox 710 1892 1167 1931; baseline -0.004 -1"><span class='ocrx_word' id='word_1_189' title='bbox 710 1892 958 1931; x_wconf 78' lang='lat' dir='ltr'><strong>Distulanius</strong></span> <span class='ocrx_word' id='word_1_190' title='bbox 987 1892 1167 1929; x_wconf 82' lang='lat' dir='ltr'><strong>Donatus</strong></span> 
     </span>
    </p>

    <p class='ocr_par' dir='ltr' id='par_1_16' title="bbox 711 1957 1107 1999">
     <span class='ocr_line' id='line_1_28' title="bbox 711 1957 1107 1999; baseline -0.008 0"><span class='ocrx_word' id='word_1_191' title='bbox 711 1961 939 1999; x_wconf 81' lang='lat' dir='ltr'><strong>Distulania</strong></span> <span class='ocrx_word' id='word_1_192' title='bbox 969 1957 1107 1997; x_wconf 68' lang='lat' dir='ltr'><strong>*Elias</strong></span> 
     </span>
    </p>

    <p class='ocr_par' dir='ltr' id='par_1_17' title="bbox 710 1997 2222 2074">
     <span class='ocr_line' id='line_1_29' title="bbox 710 1997 2222 2074; baseline -0.003 -7"><span class='ocrx_word' id='word_1_193' title='bbox 710 2030 940 2067; x_wconf 78' lang='lat' dir='ltr'><strong>Distulania</strong></span> <span class='ocrx_word' id='word_1_194' title='bbox 967 2027 1117 2066; x_wconf 77' lang='lat' dir='ltr'><strong>Phoebe</strong></span> <span class='ocrx_word' id='word_1_195' title='bbox 1145 2027 1298 2065; x_wconf 87' lang='lat' dir='ltr'><strong>Romae</strong></span> <span class='ocrx_word' id='word_1_196' title='bbox 1327 2026 1359 2065; x_wconf 89' lang='lat' dir='ltr'>F</span> <span class='ocrx_word' id='word_1_197' title='bbox 1364 2026 1506 2065; x_wconf 78' lang='lat' dir='ltr'><strong>abretti</strong></span> <span class='ocrx_word' id='word_1_198' title='bbox 1528 2024 1619 2074; x_wconf 88' lang='lat'>292,</span> <span class='ocrx_word' id='word_1_199' title='bbox 1642 2024 1735 2063; x_wconf 89' lang='grc'>239.</span> <span class='ocrx_word' id='word_1_200' title='bbox 1903 2019 1910 2025; x_wconf 69' lang='grc'>”</span> <span class='ocrx_word' id='word_1_201' title='bbox 2208 1997 2222 2073; x_wconf 49' lang='grc' dir='ltr'>ἶ</span> 
     </span>
    </p>

    <p class='ocr_par' dir='ltr' id='par_1_18' title="bbox 711 2080 2222 2147">
     <span class='ocr_line' id='line_1_30' title="bbox 711 2095 1237 2147; baseline -0.003 -12"><span class='ocrx_word' id='word_1_202' title='bbox 711 2097 812 2136; x_wconf 89' lang='lat' dir='ltr'><strong>Vide</strong></span> <span class='ocrx_word' id='word_1_203' title='bbox 843 2109 964 2147; x_wconf 87' lang='lat' dir='ltr'><strong>supra</strong></span> <span class='ocrx_word' id='word_1_204' title='bbox 992 2095 1237 2134; x_wconf 82' lang='lat' dir='ltr'><strong>Distulanus.</strong></span> 
     </span>
    </p>

    <p class='ocr_par' dir='ltr' id='par_1_19' title="bbox 384 2159 2216 2215">
     <span class='ocr_line' id='line_1_31' title="bbox 384 2159 2216 2215; baseline -0.005 -11"><span class='ocrx_word' id='word_1_205' title='bbox 384 2165 587 2204; x_wconf 75' lang='lat' dir='ltr'><strong>FAIANJvs</strong></span> <span class='ocrx_word' id='word_1_206' title='bbox 717 2166 906 2204; x_wconf 80' lang='lat' dir='ltr'><strong>Falanius</strong></span> <span class='ocrx_word' id='word_1_207' title='bbox 937 2176 1058 2215; x_wconf 84' lang='lat' dir='ltr'><strong>eques</strong></span> <span class='ocrx_word' id='word_1_208' title='bbox 1085 2164 1291 2202; x_wconf 87' lang='lat' dir='ltr'><strong>Romanus</strong></span> <span class='ocrx_word' id='word_1_209' title='bbox 1323 2163 1429 2214; x_wconf 89' lang='lat' dir='ltr'><strong>apud</strong></span> <span class='ocrx_word' id='word_1_210' title='bbox 1449 2162 1632 2201; x_wconf 81' lang='lat' dir='ltr'><strong>Tacitum</strong></span> <span class='ocrx_word' id='word_1_211' title='bbox 1661 2173 1750 2199; x_wconf 89' lang='lat' dir='ltr'><strong>ann.</strong></span> <span class='ocrx_word' id='word_1_212' title='bbox 1776 2161 1813 2208; x_wconf 91' lang='lat'>1,</span> <span class='ocrx_word' id='word_1_213' title='bbox 1835 2160 1886 2199; x_wconf 87' lang='lat'><strong>73</strong></span> <span class='ocrx_word' id='word_1_214' title='bbox 1916 2159 1978 2198; x_wconf 87' lang='lat' dir='ltr'><strong>bis</strong></span> <span class='ocrx_word' id='word_1_215' title='bbox 2007 2171 2154 2198; x_wconf 89' lang='lat' dir='ltr'><strong>memo·</strong></span> <span class='ocrx_word' id='word_1_216' title='bbox 2214 2192 2216 2194; x_wconf 78' lang='grc'>,</span> 
     </span>
    </p>
   </div>
   <div class='ocr_carea' id='block_1_5' title="bbox 708 2240 2222 2341">
    <p class='ocr_par' dir='ltr' id='par_1_20' title="bbox 708 2240 2222 2341">
     <span class='ocr_line' id='line_1_32' title="bbox 822 2240 943 2272; baseline 0 -1"><span class='ocrx_word' id='word_1_217' title='bbox 822 2240 943 2272; x_wconf 89' lang='lat' dir='ltr'><strong>ratur.</strong></span> 
     </span>
     <span class='ocr_line' id='line_1_33' title="bbox 708 2295 2222 2341; baseline -0.005 -1"><span class='ocrx_word' id='word_1_218' title='bbox 708 2302 756 2340; x_wconf 90' lang='lat' dir='ltr'><strong>P.</strong></span> <span class='ocrx_word' id='word_1_219' title='bbox 794 2302 987 2341; x_wconf 80' lang='lat' dir='ltr'><strong>Faianius</strong></span> <span class='ocrx_word' id='word_1_220' title='bbox 1026 2301 1067 2339; x_wconf 85' lang='lat' dir='ltr'><strong><em>T.</em></strong></span> <span class='ocrx_word' id='word_1_221' title='bbox 1105 2300 1150 2338; x_wconf 91' lang='lat' dir='ltr'><strong>P.</strong></span> <span class='ocrx_word' id='word_1_222' title='bbox 1189 2301 1213 2338; x_wconf 87' lang='grc' dir='ltr'><strong>Ζ.</strong></span> <span class='ocrx_word' id='word_1_223' title='bbox 1255 2299 1415 2338; x_wconf 80' lang='lat' dir='ltr'><strong>Saturio</strong></span> <span class='ocrx_word' id='word_1_224' title='bbox 1457 2299 1608 2337; x_wconf 86' lang='lat' dir='ltr'><strong>Romae</strong></span> <span class='ocrx_word' id='word_1_225' title='bbox 1644 2297 1811 2336; x_wconf 90' lang='lat' dir='ltr'><strong>Henzen</strong></span> <span class='ocrx_word' id='word_1_226' title='bbox 1853 2296 1984 2335; x_wconf 85' lang='lat' dir='ltr'><strong>annal.</strong></span> <span class='ocrx_word' id='word_1_227' title='bbox 2026 2295 2150 2334; x_wconf 85' lang='lat' dir='ltr'><strong>instit.</strong></span> <span class='ocrx_word' id='word_1_228' title='bbox 2220 2298 2222 2306; x_wconf 71' lang='lat'><strong><em>⁴</em></strong></span> 
     </span>
    </p>
   </div>
   <div class='ocr_carea' id='block_1_6' title="bbox 383 2274 2222 2753">
    <p class='ocr_par' dir='ltr' id='par_1_21' title="bbox 708 2274 2222 2692">
     <span class='ocr_line' id='line_1_34' title="bbox 2219 2274 2222 2297; baseline 0 0"><span class='ocrx_word' id='word_1_229' title='bbox 2219 2274 2222 2297; x_wconf 73' lang='lat'>1</span> 
     </span>
     <span class='ocr_line' id='line_1_35' title="bbox 2219 2313 2222 2341; baseline 0 0"><span class='ocrx_word' id='word_1_230' title='bbox 2219 2313 2222 2341; x_wconf 74' lang='grc'>1</span> 
     </span>
     <span class='ocr_line' id='line_1_36' title="bbox 820 2345 2222 2436; baseline -0.006 -27"><span class='ocrx_word' id='word_1_231' title='bbox 820 2370 1017 2409; x_wconf 88' lang='lat' dir='ltr'><strong>archaeol.</strong></span> <span class='ocrx_word' id='word_1_232' title='bbox 1041 2369 1106 2416; x_wconf 91' lang='lat'>24,</span> <span class='ocrx_word' id='word_1_233' title='bbox 1131 2367 1235 2407; x_wconf 88' lang='grc'><strong>1852</strong></span> <span class='ocrx_word' id='word_1_234' title='bbox 1268 2381 1305 2418; x_wconf 89' lang='lat' dir='ltr'><strong>p.</strong></span> <span class='ocrx_word' id='word_1_235' title='bbox 1329 2366 1422 2415; x_wconf 85' lang='lat'>312,</span> <span class='ocrx_word' id='word_1_236' title='bbox 1447 2367 1509 2405; x_wconf 89' lang='grc'><strong>19.</strong></span> <span class='ocrx_word' id='word_1_237' title='bbox 2217 2345 2222 2436; x_wconf 53' lang='grc' dir='ltr'><em>Ξ</em></span> 
     </span>
     <span class='ocr_line' id='line_1_37' title="bbox 708 2433 2222 2483; baseline -0.004 -6"><span class='ocrx_word' id='word_1_238' title='bbox 708 2439 752 2476; x_wconf 88' lang='grc' dir='ltr'><strong>Ρ.</strong></span> <span class='ocrx_word' id='word_1_239' title='bbox 784 2439 975 2477; x_wconf 84' lang='lat' dir='ltr'><strong>Falanius</strong></span> <span class='ocrx_word' id='word_1_240' title='bbox 1005 2438 1050 2476; x_wconf 93' lang='lat' dir='ltr'><strong>P.</strong></span> <span class='ocrx_word' id='word_1_241' title='bbox 1083 2438 1107 2475; x_wconf 94' lang='lat' dir='ltr'><strong>l.</strong></span> <span class='ocrx_word' id='word_1_242' title='bbox 1146 2437 1322 2475; x_wconf 87' lang='lat' dir='ltr'><strong>Urbanus</strong></span> <span class='ocrx_word' id='word_1_243' title='bbox 1352 2436 1505 2474; x_wconf 89' lang='lat' dir='ltr'><strong>Romae</strong></span> <span class='ocrx_word' id='word_1_244' title='bbox 1538 2433 1638 2473; x_wconf 86' lang='lat' dir='ltr'><strong>Gori</strong></span> <span class='ocrx_word' id='word_1_245' title='bbox 1660 2435 1697 2483; x_wconf 90' lang='lat'><strong>3,</strong></span> <span class='ocrx_word' id='word_1_246' title='bbox 1719 2433 1813 2482; x_wconf 89' lang='lat'>255,</span> <span class='ocrx_word' id='word_1_247' title='bbox 1835 2433 1926 2472; x_wconf 87' lang='grc'><strong>318.</strong></span> <span class='ocrx_word' id='word_1_248' title='bbox 2220 2437 2222 2442; x_wconf 91' lang='grc'><strong>’</strong></span> 
     </span>
     <span class='ocr_line' id='line_1_38' title="bbox 710 2503 1768 2555; baseline -0.005 -10"><span class='ocrx_word' id='word_1_249' title='bbox 710 2508 879 2545; x_wconf 83' lang='lat' dir='ltr'><strong>Faiania</strong></span> <span class='ocrx_word' id='word_1_250' title='bbox 907 2508 1041 2545; x_wconf 83' lang='lat' dir='ltr'><strong>Bassa</strong></span> <span class='ocrx_word' id='word_1_251' title='bbox 1070 2505 1221 2543; x_wconf 88' lang='lat' dir='ltr'><strong>Romae</strong></span> <span class='ocrx_word' id='word_1_252' title='bbox 1251 2504 1432 2542; x_wconf 82' lang='lat' dir='ltr'><strong>Fabretti</strong></span> <span class='ocrx_word' id='word_1_253' title='bbox 1455 2503 1532 2542; x_wconf 87' lang='lat'><strong>368</strong></span> <span class='ocrx_word' id='word_1_254' title='bbox 1552 2514 1657 2541; x_wconf 85' lang='lat' dir='ltr'><strong>xxn.</strong></span> <span class='ocrx_word' id='word_1_255' title='bbox 1764 2551 1768 2555; x_wconf 26' lang='lat'>⁵</span> 
     </span>
     <span class='ocr_line' id='line_1_39' title="bbox 711 2568 2118 2625; baseline -0.005 -12"><span class='ocrx_word' id='word_1_256' title='bbox 711 2575 810 2613; x_wconf 90' lang='lat' dir='ltr'><strong>Inde</strong></span> <span class='ocrx_word' id='word_1_257' title='bbox 839 2582 935 2625; x_wconf 88' lang='lat' dir='ltr'><strong>puto</strong></span> <span class='ocrx_word' id='word_1_258' title='bbox 967 2574 1098 2612; x_wconf 83' lang='lat' dir='ltr'><strong>Taciti</strong></span> <span class='ocrx_word' id='word_1_259' title='bbox 1128 2579 1280 2611; x_wconf 79' lang='lat' dir='ltr'><strong>textum</strong></span> <span class='ocrx_word' id='word_1_260' title='bbox 1311 2577 1349 2610; x_wconf 86' lang='lat' dir='ltr'><strong>et</strong></span> <span class='ocrx_word' id='word_1_261' title='bbox 1380 2570 1494 2610; x_wconf 86' lang='lat' dir='ltr'><strong>Gorii</strong></span> <span class='ocrx_word' id='word_1_262' title='bbox 1524 2571 1680 2609; x_wconf 88' lang='lat' dir='ltr'><strong>titulum</strong></span> <span class='ocrx_word' id='word_1_263' title='bbox 1710 2568 1987 2620; x_wconf 88' lang='lat' dir='ltr'><strong>corrigendum</strong></span> <span class='ocrx_word' id='word_1_264' title='bbox 2016 2580 2118 2607; x_wconf 86' lang='lat' dir='ltr'><strong>esse.</strong></span> 
     </span>
     <span class='ocr_line' id='line_1_40' title="bbox 767 2642 1233 2692; baseline -0.006 -11"><span class='ocrx_word' id='word_1_265' title='bbox 767 2643 870 2681; x_wconf 86' lang='lat' dir='ltr'><strong>Vide</strong></span> <span class='ocrx_word' id='word_1_266' title='bbox 901 2655 1020 2692; x_wconf 85' lang='lat' dir='ltr'><strong>supra</strong></span> <span class='ocrx_word' id='word_1_267' title='bbox 1049 2642 1233 2679; x_wconf 73' lang='lat' dir='ltr'><strong>Falanus.</strong></span> 
     </span>
    </p>

    <p class='ocr_par' dir='ltr' id='par_1_22' title="bbox 383 2702 2150 2753">
     <span class='ocr_line' id='line_1_41' title="bbox 383 2702 2150 2753; baseline -0.006 -1"><span class='ocrx_word' id='word_1_268' title='bbox 383 2715 689 2753; x_wconf 81' lang='lat' dir='ltr'>FIDICVLANIVS</span> <span class='ocrx_word' id='word_1_269' title='bbox 721 2711 1044 2750; x_wconf 58' lang='lat' dir='ltr'><strong>&amp;Fidiculanius</strong></span> <span class='ocrx_word' id='word_1_270' title='bbox 1066 2709 1261 2747; x_wconf 82' lang='lat' dir='ltr'><strong>Falcula</strong></span> <span class='ocrx_word' id='word_1_271' title='bbox 1250 2722 1291 2745; x_wconf 84' lang='lat' dir='ltr'><strong>ln</strong></span> <span class='ocrx_word' id='word_1_272' title='bbox 1313 2706 1516 2746; x_wconf 85' lang='lat' dir='ltr'><strong>Ciceronis</strong></span> <span class='ocrx_word' id='word_1_273' title='bbox 1535 2705 1772 2745; x_wconf 84' lang='lat' dir='ltr'><strong>Cluentiana</strong></span> <span class='ocrx_word' id='word_1_274' title='bbox 1792 2705 1966 2753; x_wconf 89' lang='grc'><strong>37,103.</strong></span> <span class='ocrx_word' id='word_1_275' title='bbox 1989 2702 2150 2752; x_wconf 88' lang='grc'><strong>41,112</strong></span> 
     </span>
    </p>
   </div>
   <div class='ocr_carea' id='block_1_7' title="bbox 385 2775 2150 2895">
    <p class='ocr_par' dir='ltr' id='par_1_23' title="bbox 385 2775 2150 2895">
     <span class='ocr_line' id='line_1_42' title="bbox 496 2775 1580 2824; baseline -0.006 -6"><span class='ocrx_word' id='word_1_276' title='bbox 496 2783 528 2808; x_wconf 76' lang='grc'><strong>3·</strong></span> <span class='ocrx_word' id='word_1_277' title='bbox 828 2785 866 2816; x_wconf 84' lang='lat' dir='ltr'><strong>et</strong></span> <span class='ocrx_word' id='word_1_278' title='bbox 896 2777 1137 2816; x_wconf 86' lang='lat' dir='ltr'><strong>Caeciniana</strong></span> <span class='ocrx_word' id='word_1_279' title='bbox 1161 2778 1224 2824; x_wconf 92' lang='lat'><strong>10,</strong></span> <span class='ocrx_word' id='word_1_280' title='bbox 1246 2775 1296 2814; x_wconf 89' lang='grc'><strong>28</strong></span> <span class='ocrx_word' id='word_1_281' title='bbox 1328 2780 1580 2813; x_wconf 80' lang='lat' dir='ltr'><strong>memoratur.</strong></span> 
     </span>
     <span class='ocr_line' id='line_1_43' title="bbox 385 2825 2150 2895; baseline -0.006 -8"><span class='ocrx_word' id='word_1_282' title='bbox 385 2825 663 2864; x_wconf 62' lang='lat' dir='ltr'><strong>memmvs</strong></span> <span class='ocrx_word' id='word_1_283' title='bbox 720 2848 758 2885; x_wconf 83' lang='lat' dir='ltr'><strong><em>T.</em></strong></span> <span class='ocrx_word' id='word_1_284' title='bbox 790 2845 1098 2895; x_wconf 60' lang='lat' dir='ltr'><strong>Fidiculannus)</strong></span> <span class='ocrx_word' id='word_1_285' title='bbox 1129 2845 1259 2882; x_wconf 82' lang='lat' dir='ltr'><strong>Iustus</strong></span> <span class='ocrx_word' id='word_1_286' title='bbox 1295 2845 1337 2882; x_wconf 91' lang='lat' dir='ltr'><strong>in</strong></span> <span class='ocrx_word' id='word_1_287' title='bbox 1371 2843 1564 2881; x_wconf 85' lang='lat' dir='ltr'><strong>laterculo</strong></span> <span class='ocrx_word' id='word_1_288' title='bbox 1599 2856 1635 2880; x_wconf 87' lang='lat' dir='ltr'><strong>a.</strong></span> <span class='ocrx_word' id='word_1_289' title='bbox 1659 2842 1738 2880; x_wconf 91' lang='grc'><strong>210</strong></span> <span class='ocrx_word' id='word_1_290' title='bbox 1774 2840 1819 2880; x_wconf 86' lang='lat' dir='ltr'><strong><em>G.</em></strong></span> <span class='ocrx_word' id='word_1_291' title='bbox 1841 2841 1874 2879; x_wconf 90' lang='lat' dir='ltr'><strong><em>I.</em></strong></span> <span class='ocrx_word' id='word_1_292' title='bbox 1894 2839 1942 2878; x_wconf 90' lang='lat' dir='ltr'><strong>L.</strong></span> <span class='ocrx_word' id='word_1_293' title='bbox 1963 2840 2024 2879; x_wconf 92' lang='lat' dir='ltr'><strong>VI</strong></span> <span class='ocrx_word' id='word_1_294' title='bbox 2047 2839 2150 2878; x_wconf 89' lang='lat'>1058</span> 
     </span>
    </p>
   </div>
   <div class='ocr_carea' id='block_1_8' title="bbox 716 2908 2214 3167">
    <p class='ocr_par' dir='ltr' id='par_1_24' title="bbox 716 2904 2214 3167">
     <span class='ocr_line' id='line_1_44' title="bbox 824 2908 2152 2965; baseline -0.006 -12"><span class='ocrx_word' id='word_1_295' title='bbox 824 2915 897 2965; x_wconf 86' lang='lat' dir='ltr'><strong>(ita</strong></span> <span class='ocrx_word' id='word_1_296' title='bbox 925 2914 1236 2952; x_wconf 87' lang='lat' dir='ltr'><strong>Kellermannus</strong></span> <span class='ocrx_word' id='word_1_297' title='bbox 1257 2911 1349 2962; x_wconf 88' lang='lat' dir='ltr'><strong>Vig.</strong></span> <span class='ocrx_word' id='word_1_298' title='bbox 1370 2911 1428 2949; x_wconf 92' lang='lat' dir='ltr'><strong>VI</strong></span> <span class='ocrx_word' id='word_1_299' title='bbox 1450 2911 1473 2949; x_wconf 92' lang='lat'>5</span> <span class='ocrx_word' id='word_1_300' title='bbox 1496 2910 1567 2958; x_wconf 88' lang='grc'>62·</span> <span class='ocrx_word' id='word_1_301' title='bbox 1597 2910 1812 2948; x_wconf 88' lang='lat' dir='ltr'><strong>Henzenus</strong></span> <span class='ocrx_word' id='word_1_302' title='bbox 1842 2914 1881 2947; x_wconf 85' lang='lat' dir='ltr'><strong>et</strong></span> <span class='ocrx_word' id='word_1_303' title='bbox 1899 2908 2152 2947; x_wconf 87' lang='lat' dir='ltr'><strong>Bormannus</strong></span> 
     </span>
     <span class='ocr_line' id='line_1_45' title="bbox 824 2963 2214 3031; baseline -0.005 -11"><span class='ocrx_word' id='word_1_304' title='bbox 824 2983 1041 3022; x_wconf 69' lang='lat' dir='ltr'><strong>Fiduculan</strong></span> <span class='ocrx_word' id='word_1_305' title='bbox 1069 2982 1217 3031; x_wconf 87' lang='lat' dir='ltr'><strong>legunt,</strong></span> <span class='ocrx_word' id='word_1_306' title='bbox 1248 2980 1356 3031; x_wconf 91' lang='lat' dir='ltr'><strong>quod</strong></span> <span class='ocrx_word' id='word_1_307' title='bbox 1385 2992 1463 3018; x_wconf 90' lang='lat' dir='ltr'><strong>non</strong></span> <span class='ocrx_word' id='word_1_308' title='bbox 1493 2979 1623 3017; x_wconf 89' lang='lat' dir='ltr'><strong>minus</strong></span> <span class='ocrx_word' id='word_1_309' title='bbox 1652 2986 1758 3016; x_wconf 82' lang='lat' dir='ltr'><strong>recte</strong></span> <span class='ocrx_word' id='word_1_310' title='bbox 1788 2989 1831 3015; x_wconf 86' lang='lat' dir='ltr'><strong>se</strong></span> <span class='ocrx_word' id='word_1_311' title='bbox 1860 2976 2010 3027; x_wconf 82' lang='lat' dir='ltr'><strong>habet).</strong></span> <span class='ocrx_word' id='word_1_312' title='bbox 2206 2963 2214 2986; x_wconf 59' lang='lat'><strong><em>⁵</em></strong></span> 
     </span>
     <span class='ocr_line' id='line_1_46' title="bbox 717 3046 2206 3090; baseline -0.006 0"><span class='ocrx_word' id='word_1_313' title='bbox 717 3051 759 3090; x_wconf 90' lang='lat' dir='ltr'><strong><em>C.</em></strong></span> <span class='ocrx_word' id='word_1_314' title='bbox 789 3051 1033 3089; x_wconf 78' lang='lat' dir='ltr'><strong>Fidiclanius</strong></span> <span class='ocrx_word' id='word_1_315' title='bbox 1062 3050 1219 3088; x_wconf 86' lang='lat' dir='ltr'><strong>Hermes</strong></span> <span class='ocrx_word' id='word_1_316' title='bbox 1248 3048 1401 3086; x_wconf 85' lang='lat' dir='ltr'><strong>Romae</strong></span> <span class='ocrx_word' id='word_1_317' title='bbox 1430 3048 1463 3085; x_wconf 95' lang='lat' dir='ltr'><strong><em>I.</em></strong></span> <span class='ocrx_word' id='word_1_318' title='bbox 1485 3046 1535 3086; x_wconf 91' lang='lat' dir='ltr'><strong>N.</strong></span> <span class='ocrx_word' id='word_1_319' title='bbox 1560 3046 1665 3085; x_wconf 87' lang='grc'>6833</span> <span class='ocrx_word' id='word_1_320' title='bbox 1687 3046 1751 3084; x_wconf 94' lang='lat' dir='ltr'><strong>III</strong></span> <span class='ocrx_word' id='word_1_321' title='bbox 1771 3058 1800 3084; x_wconf 76' lang='lat'><strong><em>5.</em></strong></span> <span class='ocrx_word' id='word_1_322' title='bbox 2202 3083 2206 3086; x_wconf 67' lang='grc'>,</span> 
     </span>
     <span class='ocr_line' id='line_1_47' title="bbox 716 3109 2204 3167; baseline -0.007 -10"><span class='ocrx_word' id='word_1_323' title='bbox 716 3120 758 3157; x_wconf 90' lang='grc' dir='ltr'><strong>Τ.</strong></span> <span class='ocrx_word' id='word_1_324' title='bbox 780 3119 1024 3157; x_wconf 81' lang='lat' dir='ltr'><strong>Fidiclanius</strong></span> <span class='ocrx_word' id='word_1_325' title='bbox 1050 3119 1090 3156; x_wconf 91' lang='grc' dir='ltr'><strong>Τ.</strong></span> <span class='ocrx_word' id='word_1_326' title='bbox 1123 3118 1147 3155; x_wconf 93' lang='lat' dir='ltr'><strong>l.</strong></span> <span class='ocrx_word' id='word_1_327' title='bbox 1179 3116 1322 3167; x_wconf 78' lang='lat' dir='ltr'><strong>Apella</strong></span> <span class='ocrx_word' id='word_1_328' title='bbox 1350 3115 1502 3154; x_wconf 84' lang='lat' dir='ltr'><strong>Romae</strong></span> <span class='ocrx_word' id='word_1_329' title='bbox 1531 3114 1697 3154; x_wconf 91' lang='lat' dir='ltr'><strong>Henzen</strong></span> <span class='ocrx_word' id='word_1_330' title='bbox 1727 3113 1857 3151; x_wconf 86' lang='lat' dir='ltr'><strong>annal.</strong></span> <span class='ocrx_word' id='word_1_331' title='bbox 1887 3111 2011 3150; x_wconf 84' lang='lat' dir='ltr'><strong>instit.</strong></span> <span class='ocrx_word' id='word_1_332' title='bbox 2042 3109 2148 3148; x_wconf 84' lang='lat' dir='ltr'><strong>arch.</strong></span> <span class='ocrx_word' id='word_1_333' title='bbox 2199 3126 2204 3135; x_wconf 61' lang='lat'>1</span> 
     </span>
    </p>
   </div>
   <div class='ocr_carea' id='block_1_9' title="bbox 711 3184 2199 3371">
    <p class='ocr_par' dir='ltr' id='par_1_25' title="bbox 711 3184 2199 3371">
     <span class='ocr_line' id='line_1_48' title="bbox 823 3184 1288 3237; baseline -0.006 -12"><span class='ocrx_word' id='word_1_334' title='bbox 823 3186 889 3235; x_wconf 88' lang='lat'>24,</span> <span class='ocrx_word' id='word_1_335' title='bbox 913 3185 1016 3226; x_wconf 88' lang='lat'>1852</span> <span class='ocrx_word' id='word_1_336' title='bbox 1046 3200 1085 3237; x_wconf 89' lang='lat' dir='ltr'><strong><em>p.</em></strong></span> <span class='ocrx_word' id='word_1_337' title='bbox 1108 3185 1202 3233; x_wconf 88' lang='lat'>312,</span> <span class='ocrx_word' id='word_1_338' title='bbox 1225 3184 1288 3222; x_wconf 86' lang='lat'><strong>20.</strong></span> 
     </span>
     <span class='ocr_line' id='line_1_49' title="bbox 711 3244 2149 3301; baseline -0.008 -7"><span class='ocrx_word' id='word_1_339' title='bbox 711 3255 914 3294; x_wconf 83' lang='lat' dir='ltr'><strong>Fidiculas</strong></span> <span class='ocrx_word' id='word_1_340' title='bbox 950 3255 1081 3293; x_wconf 90' lang='lat' dir='ltr'><strong>locum</strong></span> <span class='ocrx_word' id='word_1_341' title='bbox 1115 3266 1194 3292; x_wconf 91' lang='lat' dir='ltr'><strong>non</strong></span> <span class='ocrx_word' id='word_1_342' title='bbox 1228 3252 1339 3299; x_wconf 89' lang='lat' dir='ltr'><strong>novi;</strong></span> <span class='ocrx_word' id='word_1_343' title='bbox 1375 3264 1468 3290; x_wconf 86' lang='lat' dir='ltr'><strong>nam</strong></span> <span class='ocrx_word' id='word_1_344' title='bbox 1503 3250 1610 3301; x_wconf 86' lang='lat' dir='ltr'><strong>apud</strong></span> <span class='ocrx_word' id='word_1_345' title='bbox 1637 3249 1841 3288; x_wconf 83' lang='lat' dir='ltr'><strong>Valerium</strong></span> <span class='ocrx_word' id='word_1_346' title='bbox 1870 3247 2090 3286; x_wconf 82' lang='lat' dir='ltr'><strong>Maximum</strong></span> <span class='ocrx_word' id='word_1_347' title='bbox 2111 3244 2149 3292; x_wconf 87' lang='lat'><strong>7,</strong></span> 
     </span>
     <span class='ocr_line' id='line_1_50' title="bbox 713 3312 2199 3371; baseline -0.008 -9"><span class='ocrx_word' id='word_1_348' title='bbox 713 3325 755 3371; x_wconf 87' lang='grc'><strong>6,</strong></span> <span class='ocrx_word' id='word_1_349' title='bbox 781 3325 798 3361; x_wconf 94' lang='grc'><strong>1</strong></span> <span class='ocrx_word' id='word_1_350' title='bbox 838 3329 977 3362; x_wconf 82' lang='lat' dir='ltr'><strong>contra</strong></span> <span class='ocrx_word' id='word_1_351' title='bbox 1011 3323 1201 3360; x_wconf 83' lang='lat' dir='ltr'><strong>librorum</strong></span> <span class='ocrx_word' id='word_1_352' title='bbox 1232 3321 1473 3371; x_wconf 77' lang='lat' dir='ltr'><strong>scriptorum</strong></span> <span class='ocrx_word' id='word_1_353' title='bbox 1499 3319 1674 3357; x_wconf 89' lang='lat' dir='ltr'><strong>omnium</strong></span> <span class='ocrx_word' id='word_1_354' title='bbox 1703 3315 1976 3356; x_wconf 78' lang='lat' dir='ltr'><strong>auctoritatem</strong></span> <span class='ocrx_word' id='word_1_355' title='bbox 2008 3312 2149 3352; x_wconf 87' lang='lat' dir='ltr'><strong>Cluve-</strong></span> <span class='ocrx_word' id='word_1_356' title='bbox 2195 3350 2199 3351; x_wconf 21' lang='lat'><em>⁷</em></span> 
     </span>
    </p>
   </div>
   <div class='ocr_carea' id='block_1_10' title="bbox 2194 2439 2222 3594">
    <p class='ocr_par' dir='ltr' id='par_1_26' title="bbox 2194 2439 2222 3594">
     <span class='ocr_line' id='line_1_51' title="bbox 2194 2439 2222 3594; baseline 0 0"><span class='ocrx_word' id='word_1_357' title='bbox 2194 2439 2222 3594; x_wconf 95' lang='lat' dir='ltr'><strong> </strong></span> 
     </span>
    </p>
   </div>
  </div>
 </body>
</html>
