2222 3594
332 226 394 272 86
1117 231 1318 272 HUBNER

331 355 432 393 Item
462 355 654 406 pluralia:

874 436 1079 487 Aequiculi
1355 437 1473 475 Eruli

877 505 1016 544 Cerelli
1286 518 1301 544 5
1356 505 1488 543 Fundi

878 573 987 613 Corio
993 575 1022 612 li
1356 573 1507 612 Puteoli

334 703 561 743 Secundum
595 685 827 741 ‘exterarum
868 702 1199 742 consuetudinem
1237 702 1412 753 gentium
1450 702 1622 740 formata
1660 707 1752 740 sunt
1788 714 1813 739 a
1849 700 2030 741 Gadibus
2067 707 2106 739 et

335 786 359 811 a
386 771 579 823 Neapoli:

881 850 1098 890 Gaditanus
1358 850 1635 901 Neapolitanus

336 981 482 1031 quibus
513 981 684 1018 fortasse
713 980 866 1018 accedit
890 979 1114 1026 Tuditanus,
1146 979 1340 1029 siquidem
1369 990 1606 1030 componere
1634 977 1727 1016 licet
1755 977 1830 1016 hoc
1856 990 1999 1016 nomen
2019 991 2108 1019 cum

337 1049 484 1100 oppido
515 1049 662 1087 Tuder.
723 1049 762 1085 A
791 1047 1039 1086 Tudertibus
1071 1047 1310 1085 Tudertauus
1341 1047 1499 1097 quidem
1528 1047 1614 1084 fieri
1643 1046 1787 1097 potuit,
1817 1046 1888 1084 sed
1916 1051 2109 1085 mutatum

337 1124 399 1156 est
426 1118 467 1155 in
502 1117 714 1155 Tuditanus
743 1117 916 1154 fortasse
945 1120 1107 1167 propter
1138 1116 1225 1153 soni
1255 1115 1460 1162 duritiem3
1498 1128 1590 1153 nam
1619 1114 1725 1165 quod
1755 1115 1896 1163 Ateius
1926 1115 2111 1164 probavit
2175 1155 2183 1162 ,

337 1200 362 1225 a
391 1186 515 1223 tudite
544 1185 807 1234 veriloquium
838 1184 1010 1234 (Festus
1040 1196 1079 1233 p.
1106 1182 1204 1233 352)
1235 1183 1350 1222 nobis
1379 1183 1584 1233 probabile
1613 1196 1694 1221 non
1722 1190 1796 1222 est.
1854 1182 2040 1233 Denique
2067 1189 2112 1222 ut

338 1268 363 1293 a
390 1258 525 1292 monte
555 1254 782 1301 Alontanus,
819 1254 877 1290 ita
906 1258 1012 1290 reete
1042 1265 1067 1290 a
1096 1250 1232 1290 Caelio
1256 1238 1395 1290 *monte
1427 1251 1754 1290 Caeliomontanus
1785 1251 1870 1290 sive
1901 1251 2112 1294 Caelimon-
2171 1247 2176 1264 ;

339 1331 450 1362 tanus
477 1322 623 1360 factum
655 1327 734 1368 est3
764 1322 799 1359 ei
831 1320 980 1359 similia
1009 1326 1102 1358 sunt
1129 1320 1390 1358 Albinovanus
1421 1320 1471 1358 ab
1500 1319 1604 1357 Alba
1631 1332 1731 1357 nova
1759 1319 1922 1357 Albiove
1949 1333 2045 1358 novo
2072 1326 2115 1358 et
2178 1325 2180 1328 ’
2210 1307 2215 1310 ’

331 1392 615 1431 -Tuscivicanus
646 1404 670 1428 a
698 1393 780 1428 vico
810 1390 928 1427 Tusco
958 1388 1147 1427 derivata.
1197 1388 1259 1426 Ea
1288 1389 1376 1426 sola
1406 1393 1498 1427 sunt
1526 1387 1721 1425 vocabula
1749 1387 1982 1439 composita,
2012 1400 2115 1438 quae

338 1461 379 1499 in
410 1465 492 1498 toto
522 1460 598 1497 hoo
628 1459 832 1501 nominum
863 1457 1001 1495 ordine
1032 1463 1181 1496 extant.
2170 1504 2171 1507 Ἴ

452 1528 655 1566 Interdum
687 1526 924 1577 oppidorum
954 1526 1193 1576 populorum
1224 1526 1430 1576 regionum
1462 1524 1640 1563 locerum
1670 1524 1837 1563 aliorum
1857 1524 2018 1563 nomina
2036 1525 2114 1563 iam
2168 1558 2174 1563 ,

340 1611 412 1650 per
432 1611 482 1635 an
503 1596 692 1634 suffixum
714 1595 884 1632 formata
902 1594 1128 1633 nominibus
1150 1594 1344 1644 originem
1366 1593 1571 1631 dederunt.
1618 1593 1680 1630 Ita
1700 1593 1750 1631 ab
1771 1593 1949 1631 Aeelano
1968 1593 2115 1632 factum
2164 1595 2186 1638 ζ’

343 1672 404 1704 est
425 1665 646 1711 Aeclam'us,
678 1677 701 1702 a
721 1664 902 1702 Boviano
933 1669 1013 1701 tam
1034 1663 1234 1700 Bovianus
1263 1674 1383 1711 quam
1402 1662 1628 1707 Bovz‘anz‘us,
1659 1661 1709 1698 ab
1736 1646 1989 1700 Herculaneo
2014 1661 2117 1699 Her-

343 1735 522 1773 culaneus
542 1733 801 1770 Herculanius
832 1737 871 1769 et
900 1732 950 1769 ab
979 1731 1042 1769 his
1070 1743 1150 1768 non
1172 1731 1337 1768 multum
1360 1730 1558 1768 diversum
1578 1729 1842 1776 Herculanu83
1874 1742 1898 1767 a
1915 1729 2121 1768 Taurania
2149 1719 2178 1782 ᾖ

344 1804 515 1841 fortasse
538 1802 767 1839 Tauranius.
814 1799 1063 1850 Populorum
1092 1799 1254 1836 nomina
1284 1799 1502 1836 Cessitanus
1531 1798 1769 1836 Frentrauus
1794 1797 2006 1836 Germanus
2025 1797 2119 1835 His·

338 1884 467 1922 panus
494 1869 678 1909 Lucanus
699 1869 983 1907 Praetuttianus
1005 1867 1217 1917 Sequdnus,
1248 1866 1394 1904 montis
1426 1866 1615 1912 lv'alicam‘,
1644 1865 1739 1917 pagi
1770 1865 1930 1912 Vellam‘,
1958 1864 2121 1904 Vomam'
2156 1850 2162 1867 ⁵

344 1939 521 1978 fluminis
552 1937 733 1976 similiter
761 1936 927 1974 redeunt
954 1936 1058 1974 inter
1086 1934 1247 1973 nomina
1276 1934 1579 1985 cognominave3
1610 1933 1822 1979 interdum,
1852 1939 1895 1971 ut
1921 1932 2117 1979 Lucanus,

344 2007 539 2045 trifariam
571 2006 774 2056 (Lucanus
804 2017 968 2051 nomen,
1001 2014 1232 2053 cognomen,
1261 2002 1461 2040 Lucanius
1491 2000 1652 2051 nomen)
1681 2001 1869 2039 adhibita.
1929 2001 2120 2040 Similiter
2153 1994 2173 2045 ⁴]

344 2083 483 2115 notum
513 2080 575 2113 est
605 2087 628 2111 a
658 2073 835 2111 Traiano
866 2073 969 2110 viam
998 2072 1144 2109 dictam
1174 2083 1264 2110 esse
1293 2075 1332 2108 et
1361 2071 1518 2120 reliqua
1548 2070 1732 2116 Traiana,
1762 2082 1842 2108 non
1865 2069 2119 2111 Traianiana,

345 2154 388 2184 ut
426 2146 475 2183 ab
513 2145 695 2193 Augusto
733 2141 930 2191 Auyusca3
972 2140 1171 2178 interdum
1208 2146 1340 2178 tamen
1380 2125 1564 2195 analogia
1598 2138 1708 2185 fecit,
1747 2142 1791 2175 ut
1827 2137 1924 2176 talia
1959 2149 2120 2188 quoque
2160 2126 2174 2173 -Ϊ

345 2218 604 2252 mutarentur.
662 2211 724 2248 Ita
759 2222 784 2247 a
812 2209 972 2247 Lucano
1007 2209 1179 2258 quodam
1216 2213 1386 2245 turmam
1422 2207 1568 2245 dietam
1602 2206 1821 2256 reperimus
1850 2205 2119 2244 Lucanianam
2150 2224 2153 2226 ·

348 2281 493 2332 (Orell.
518 2279 666 2328 3415);
706 2291 875 2328 quocum
906 2277 1187 2315 eonferendum
1216 2277 1477 2314 Romanianus
1506 2287 1649 2313 nomen
1679 2273 1936 2324 gentilicium.
1995 2264 2181 2328 Acce-”75

346 2351 445 2388 dunt
471 2349 536 2386 his
566 2348 740 2385 fortasse
769 2346 992 2384 Baebiauus
1023 2345 1228 2383 Marianus
1259 2344 1416 2394 aliaque
1446 2343 1604 2390 similia,
1636 2355 1738 2392 quae
1767 2342 1884 2380 etiam
1913 2355 1965 2380 ex
1994 2341 2115 2393 genti·

345 2418 446 2456 liciis
477 2415 648 2454 derivari
677 2415 858 2464 potuisse
887 2414 1073 2452 vidimus.
2152 2395 2163 2406 ”

458 2485 599 2534 Itaque
635 2496 687 2522 ex
722 2483 852 2520 forma
885 2482 1065 2520 derivata
1099 2482 1140 2519 in
1171 2470 1266 2519 arius
1301 2481 1386 2519 sive
1416 2482 1526 2518 anius
1555 2479 1672 2517 radix
1700 2480 1790 2528 ipsa
1817 2479 1930 2516 cuius
1959 2478 2119 2530 generis
2159 2476 2166 2496 '¹

347 2554 465 2593 suerit
495 2558 601 2591 certo
631 2551 786 2589 definiri
815 2551 965 2600 nequit.
1023 2550 1178 2588 Tamen
1207 2548 1463 2598 probabiliter
1492 2547 1712 2596 comparari
1742 2553 1912 2596 possunt
1940 2546 2126 2588 derivata>

348 2637 373 2660 a
406 2621 633 2660 nominibus
672 2619 919 2669 simplicibus
955 2619 996 2656 in
1035 2631 1060 2655 a
1097 2617 1386 2664 desinentibus,
1432 2617 1553 2654 veluti
1588 2615 1693 2653 Alba
1727 2615 1833 2654 Bola
1866 2615 1976 2653 Buca
2017 2613 2118 2653 Cora

325 2690 329 2694 ’
353 2691 454 2730 Cosa
483 2687 618 2728 ÷÷Luca
646 2687 753 2725 Nola
779 2686 915 2725 Norba
941 2687 1064 2724 Roma
1094 2685 1196 2724 Sora
1229 2685 1357 2724 Suasa
1390 2684 1525 2730 Treba,
1556 2696 1644 2722 cum
1673 2683 1756 2722 his:

895 2807 1026 2846 Carda
1283 2821 1316 2845 ιο
1373 2808 1488 2847 Sceta

898 2876 1016 2924 Carfa
1374 2876 1526 2924 Spauta

893 2942 1052 2982 *Maec-a
1378 2944 1476 2981 Teba
1501 2931 1506 2935 ’

893 3013 1013 3050 Musa
1373 3010 1503 3049 *Trita

823 3096 838 3119 5
896 3078 1032 3118 *Nova
1382 3080 1491 3118 Vella

894 3147 1014 3186 *Octa
1285 3161 1317 3185 1⁵
1385 3148 1495 3186 Vesta

902 3216 983 3254 Ora
1381 3215 1482 3253 Vera

897 3284 998 3322 Sala
1380 3282 1484 3321 Vora

897 3351 993 3391 Sata
