2222 3594
359 195 423 241 34

356 323 585 362 APvLAst

355 595 572 634 BAmAst

356 731 604 770 BAEmAnvs
631 759 637 771 1

355 935 556 974 BOLANVS

355 2435 572 2475 Bovnmvs

354 2914 646 2952 *Bovmanvs

355 3251 639 3293 CALPETANVS

1146 205 1345 246 HUBNER

793 393 835 444 in
863 393 1069 432 Dalmatia
1097 393 1142 432 C.
1164 395 1198 432 I.
1220 394 1267 432 L.
1287 395 1353 433 III
1375 395 1494 433 2711.

685 460 786 498 Tam
817 461 1040 515 Apulorum
1077 468 1115 500 et
1142 463 1316 512 Apuliae
1351 463 1492 501 Italiae
1527 465 1690 502 nomina
1724 469 1819 502 nota
1853 476 1972 514 quam
2001 456 2126 514 Apuli
2200 486 2206 525 ζ

683 528 835 567 Daciae
866 530 1003 580 oppidi
1034 531 1256 580 comparari
1286 537 1465 580 possunt.

682 596 864 635 Babiana
884 598 1100 637 Fortunata
1127 598 1291 637 Venafri
1317 599 1348 636 Ι.
1371 598 1422 636 Ν.
1444 599 1553 638 4464
1583 599 1872 649 (Mommsenus
1894 599 2126 650 descripsit)

794 666 834 702 in
863 667 977 704 titulo
1007 667 1158 704 saeculi
1188 666 1343 704 circiter
1373 668 1548 706 secundi.

686 733 740 770 M.
763 733 984 772 Baebianus
1012 735 1204 773 Iucundus
1234 733 1396 785 Capuae
1426 736 1458 773 I.
1480 735 1532 774 N.
1556 735 1660 774 3568
1690 737 1728 774 in
1758 736 1948 775 laterculo
1979 736 2124 787 magis·

794 807 945 840 trorum
974 803 1082 841 Iovis
1112 802 1247 841 Liberi
1278 815 1312 839 a.
1335 815 1372 852 p.
1397 801 1441 841 C.
1468 803 1530 841 15.

685 867 921 920 Comparari
950 871 1122 909 fortasse
1151 877 1320 921 possunt
1346 870 1514 921 Ligures
1546 871 1738 910 Baebiani
1771 870 2009 910 Corneliani.

685 938 862 977 Bolanus
892 940 998 989 apud
1026 939 1238 977 Horatium
1269 945 1341 977 sat.
1369 940 1404 986 1,
1426 940 1463 986 9,
1488 940 1549 977 11.

683 1006 839 1045 Bolana
858 1006 906 1044 P.
930 1008 966 1055 f.
988 1008 1128 1057 Rufina
1156 1007 1307 1045 Romae
1336 1007 1378 1044 in
1407 1008 1524 1058 cippo
1554 1007 1699 1046 litteris
1729 1008 1845 1046 bonis
1871 1019 1974 1046 mus.
1995 1006 2124 1046 Vatic.
2199 1007 2201 1010 ⁴

789 1075 884 1124 yall.
917 1075 994 1125 lap.
1024 1076 1101 1113 inc.
1124 1075 1156 1122 Ι,
1185 1087 1301 1124 quem
1331 1075 1432 1112 vidit
1460 1074 1688 1114 Henzenus.

683 1142 741 1180 M.
771 1143 949 1181 Bolanus
979 1143 1036 1181 M.
1059 1145 1095 1192 f.
1129 1142 1327 1192 Aniens(i)
1358 1143 1567 1181 Marcellus

682 1210 840 1248 Bolana
868 1210 927 1248 M.
949 1212 986 1259 s.
1018 1211 1195 1249 Secunda
1223 1210 1452 1248 Mediolanii
1482 1209 1528 1249 C.
1554 1211 1587 1248 I.
1608 1211 1654 1249 L.
1677 1211 1712 1249 V
1731 1212 1850 1251 5849.

684 1277 734 1316 L.
765 1279 941 1317 Bolanus
976 1278 1201 1318 Callistinus

683 1345 731 1383 L.
764 1347 940 1385 Bolanus
969 1347 1081 1385 Felix

683 1413 878 1464 Bol(ana)
909 1415 1041 1453 Prima
1075 1415 1366 1453 Ammaedarae
1395 1415 1436 1452 in
1466 1415 1605 1453 Africa
1633 1415 1779 1453 Renier
1807 1418 2051 1465 inscriptions
2079 1416 2125 1452 de

794 1482 978 1532 l'Alqe'rz'e
1008 1481 1127 1521 3203.

686 1548 916 1599 Cognomen
946 1550 1090 1588 Bolani
1125 1551 1164 1588 in
1186 1551 1407 1589 Vettiorum
1439 1528 1554 1601 gente
1583 1551 1886 1590 Mediolaniensi
1921 1550 1992 1601 (ut
2018 1551 2124 1589 tituli
2196 1595 2200 1610 -.

684 1619 824 1656 docent
851 1618 895 1657 C.
917 1619 950 1656 I.
971 1618 1019 1657 L.
1042 1618 1080 1656 V
1102 1618 1221 1657 5849.
1245 1619 1364 1657 5900.
1389 1619 1508 1657 6118.
1532 1618 1658 1667 61233
1681 1620 1787 1658 5199
1809 1618 1936 1669 5272)
1964 1624 2123 1665 notum3
2199 1615 2210 1654 ᾗ

681 1687 840 1725 Vettius
872 1687 1050 1725 Bolanus
1081 1687 1252 1724 Neronis
1288 1688 1329 1724 in
1359 1687 1568 1725 Britannia
1605 1688 1760 1743 legatus
1799 1701 1823 1725 a
1852 1687 1995 1725 Tacito
2031 1699 2122 1724 ann.

686 1755 748 1801 15,
768 1756 790 1793 3
815 1754 899 1803 (ubi
915 1754 1148 1805 Nipperdeii
1169 1755 1370 1793 adnotatio
1390 1755 1572 1805 legenda)
1593 1760 1632 1794 et
1649 1754 1774 1794 Statio
1792 1755 1878 1793 silv.
1897 1755 1935 1802 5,
1953 1754 1990 1803 2,
2008 1754 2123 1793 3088.
2191 1779 2199 1786 ω

684 1828 935 1861 memoratur.
995 1822 1223 1873 Cognomen
1258 1824 1516 1862 derivandum
1545 1823 1716 1861 fortasse
1745 1835 1795 1861 ex
1824 1827 1940 1874 gente
1970 1822 2146 1862 Bolanaae..
2186 1824 2191 1855 s

682 1891 987 1943 Mediolaniejsi
1003 1891 1273 1929 Mommsenus
1295 1892 1500 1929 adnotavit
1519 1891 1570 1928 ad
1585 1891 1744 1929 titulum
1759 1890 1845 1929 eius
1860 1891 1990 1941 gentis
2005 1891 2123 1928 modo
2193 1909 2206 1943 s

683 1959 915 1996 indicatum.
964 1959 1008 1996 P.
1031 1958 1217 1997 Lucceius
1238 1959 1450 2009 Bolan(us)
1480 1959 1522 1996 in
1550 1959 1665 1997 titulo
1695 1959 1884 1997 Africano
1913 1959 1977 1997 des
2010 1958 2122 1996 Oasis
2183 1959 2186 1962 ’

682 2026 828 2064 Renier
856 2030 969 2065 inser.
1001 2028 1046 2064 de
1076 2026 1192 2076 l'Aly.
1228 2027 1345 2065 1648.
1403 2027 1454 2064 L.
1485 2027 1659 2064 Mindius
1688 2026 1864 2064 Bolanus
1900 2026 2046 2077 aliquis
2081 2026 2123 2064 in
2194 2034 2200 2040 “

681 2095 852 2133 nummis
881 2095 1014 2132 Patris
1043 2095 1085 2132 in
1113 2095 1267 2133 Achaia
1295 2096 1401 2133 cusis
1431 2099 1682 2133 memoratur.
1737 2094 1877 2132 Potest
1904 2106 2122 2146 cognomen
2198 2080 2211 2108 Ὗ

680 2164 803 2202 fuisse
824 2163 942 2201 etiam
962 2163 1003 2200 in
1024 2162 1180 2200 Bolano
1201 2163 1360 2201 Horatii
1368 2177 1379 2209 3
1406 2163 1475 2201 sed
1495 2163 1662 2213 tempori
1683 2162 1808 2212 magis
1828 2163 2012 2201 convenit
2029 2175 2123 2214 gen·
2196 2166 2203 2206 J

681 2232 748 2269 tile
778 2232 908 2270 solum
939 2232 1112 2281 positum
1141 2232 1181 2269 in
1210 2231 1370 2269 homine
1399 2231 1566 2281 plebeio.

684 2299 787 2338 Bola
816 2301 1047 2350 Aequorum
1077 2299 1264 2350 oppidum
1297 2304 1434 2337 notum
1463 2313 1486 2337 a
1506 2298 1685 2350 Vergilio
1715 2301 1814 2337 Aen.
1836 2299 1874 2346 6,
1895 2298 1974 2337 775
2003 2303 2044 2336 et
2071 2299 2122 2336 ab

683 2368 773 2406 aliis
802 2374 1052 2406 memoratur.

687 2436 726 2474 C.
756 2437 955 2475 Bovianus
991 2435 1033 2474 C.
1055 2437 1091 2485 f.

681 2504 860 2543 Boviana
894 2504 1068 2542 Cariana

683 2573 859 2611 Boviana
888 2573 1039 2610 Romae
1063 2572 1096 2610 F
1100 2572 1239 2609 abrett.
1260 2571 1356 2626 610,
1379 2571 1430 2608 80
1459 2569 1732 2622 ‘fragmentum
1753 2571 1792 2608 in
1813 2570 1909 2608 aede
1931 2568 2004 2609 SS.
2025 2567 2120 2619 Cyri
2176 2552 2190 2558 „

794 2647 833 2679 et
861 2641 920 2678 Io.
953 2641 1018 2678 via
1045 2636 1289 2678 Portuensi’.

682 2709 906 2748 Bovianum
947 2714 1154 2758 utrumque
1193 2707 1233 2745 in
1272 2706 1434 2746 Samnio
1474 2707 1614 2753 situm,
1659 2718 1683 2743 a
1721 2706 1822 2743 bove
1861 2705 1989 2755 gentis
2025 2705 2119 2743 olim
2190 2710 2191 2713 ’

684 2777 794 2825 duce,
825 2783 868 2815 ut
896 2777 1087 2822 ferebant,
1119 2775 1286 2825 dictum3
1318 2775 1368 2812 cf.
1391 2774 1663 2812 Mommsenus
1693 2773 1742 2811 de
1771 2773 1951 2811 dialectis
1979 2772 2120 2811 Italiae
2188 2763 2192 2767 ’

682 2845 881 2883 inferioris
911 2859 948 2896 p.
975 2845 1050 2883 173
1063 2856 1117 2882 ss.

682 2914 911 2952 Bovillanus
940 2914 981 2951 in
1010 2913 1232 2965 fragmento
1263 2924 1312 2948 ex
1331 2910 1473 2948 Lucilii
1495 2910 1704 2948 satirarum
1723 2909 1790 2948 III
1818 2909 1924 2959 apud
1942 2908 2119 2948 Nonium
2183 2935 2190 2962 5

793 2981 859 3028 25,
881 2980 929 3019 27
962 2994 1013 3019 ex
1041 2981 1256 3019 novitlanus
1286 2979 1464 3017 codicum
1486 2978 1696 3016 Turnebus
1728 2978 1903 3015 restituit
1932 2976 1988 3026 (v.
2018 2976 2119 3015 Mfil-
2181 2976 2217 3020 ;’

790 3050 864 3088 leri
891 3049 1071 3088 Lucilius
1100 3061 1139 3098 p.
1165 3047 1248 3097 11).

680 3118 720 3155 A
749 3117 942 3164 Bovillis,
978 3117 1084 3155 Latii
1120 3116 1266 3166 oppido
1304 3115 1551 3162 suburbano,
1591 3127 1753 3161 nomen,
1794 3125 1873 3151 non
1902 3124 2118 3164 cognomen

681 3186 899 3224 derivatum
931 3197 1018 3223 esse
1047 3184 1252 3235 probabile
1282 3190 1353 3221 est.

682 3254 873 3304 Calptana
911 3254 951 3310 in
990 3253 1070 3290 olla
1109 3252 1319 3302 sepulcreti
1359 3251 1496 3289 urbani
1536 3250 1643 3300 apud
1682 3249 1816 3287 aedem
1856 3246 1896 3287 S.
1938 3247 2116 3286 caesarii

790 3321 837 3360 C.
858 3322 887 3359 Ι.
910 3320 959 3358 L.
989 3320 1011 3358 I
1032 3321 1124 3359 848.

685 323 733 362 Ρ.
765 324 970 374 Apulanus
999 326 1044 364 P.
1066 329 1102 376 f.
1133 326 1299 377 Pol(lia)
1332 326 1501 366 Sabinus
1531 329 1637 366 domo
1662 327 1902 378 Eporedffia)
1922 327 2124 371 ,Delminii
2206 316 2208 320 ,
