2222 3594
418 276 516 323 204
958 289 1069 323 vor..
1107 291 1126 323 1
1162 290 1635 332 ANTIQVISSIMARVM.

415 405 646 443 Mutuescae
676 404 764 442 viae
796 402 978 443 Salariae
1007 406 1175 455 rigorem
1206 413 1312 446 certo
1343 408 1474 446 ubivis
1506 420 1697 458 apparere
1733 420 1819 445 cum
1851 395 2044 458 sepulcris
2073 408 2188 447 iuxta

416 486 503 511 eam
542 473 691 522 passim
722 472 938 511 collocatis.
998 471 1179 513 Secundo
1216 476 1347 525 lapide
1384 482 1477 527 post
1505 477 1636 514 vicum
1672 475 1831 514 Novum
1867 476 2029 515 transiri
2056 472 2208 515 rivum'

414 541 638 580 venientem
676 554 700 578 a
729 541 818 578 vieo
848 541 1005 592 Poggio
1035 542 1204 590 Nativo,
1244 544 1390 582 dietum
1427 545 1597 594 primum
1623 545 1733 593 fosso
1769 545 1810 581 di
1847 543 1990 594 Poyyio
2027 543 2196 592 Νατίυο,Ἴ

416 622 509 647 mox
541 610 660 647 Fosso
690 609 792 647 della
831 610 952 657 Villa3
984 623 1071 648 eum
1102 612 1230 650 rivum
1259 625 1332 662 pro
1361 625 1404 650 re
1434 626 1513 650 non
1552 613 1608 650 ita
1636 613 1823 662 exiguum
1845 612 1985 650 deinde
2011 612 2186 650 incidere
2209 638 2218 667 i

417 677 458 714 in
487 678 648 716 fluvium
677 677 902 716 Farfarum.
959 678 1045 716 Iam
1075 679 1196 729 igitur
1226 680 1479 731 intellegitur,
1510 681 1620 719 cuius
1649 680 1768 718 rivuli
1796 686 1916 731 ponte
1944 680 2072 731 prima
2098 681 2212 719 viae

419 747 550 796 portio
580 740 807 784 definiatur.¹
844 769 894 774 —
963 746 1176 785 Transitus
1207 748 1348 786 deinde
1377 749 1525 787 montis
1555 749 1782 798 Appennini
1811 749 1916 787 iusto
1958 748 2048 787 loco
2077 740 2201 799 repe-¹

413 814 532 861 ritur;
581 828 671 853 nam
715 814 923 851 terminum
968 815 1106 853 habuit
1150 816 1323 854 secunda
1365 818 1509 866 portio,
1555 818 1591 855 si
1633 823 1738 854 recte
1783 828 1968 882 iffimeros
2010 816 2202 855 restitui-.

411 895 522 930 mus,
575 883 658 921 fere
715 885 764 922 ad
820 884 1079 923 centesimum
1134 885 1326 935 lapidem,
1395 897 1510 934 quem
1567 897 1619 923 ex
1674 884 1845 923 miliario
1897 884 1930 922 I.
1979 883 2031 923 N.
2079 883 2191 922 6259-

411 957 568 989 constat
612 952 773 991 stetisse
810 965 933 1003 prope
963 953 1206 1002 Trisungum
1245 953 1286 990 in
1321 953 1424 991 valle
1455 953 1622 990 Truenti
1663 952 1875 1001 superiore.
1937 973 1986 980 --
2046 951 2197 990 Tertia.

413 1031 527 1070 pars,
585 1020 620 1057 si
673 1026 779 1059 recte
824 1021 958 1058 hiatus
1006 1020 1176 1070 explevi,
1227 1020 1375 1071 duplex
1423 1027 1502 1068 est,
1556 1027 1599 1059 ut
1650 1021 1799 1059 bivium
1845 1020 1965 1058 fuerit
2010 1019 2092 1058 fere
2135 1019 2200 1066 ad,

413 1088 673 1126 centesimum
703 1088 1050 1139 sternerenturque
1081 1089 1169 1126 viae
1216 1089 1308 1127 inde
1356 1089 1456 1127 duae
1505 1089 1630 1141 altera
1665 1089 1716 1126 ad
1750 1088 2030 1127 Interamnium
2061 1088 2200 1131 Prae·

409 1156 666 1194 tuttianorum
729 1158 847 1195 hodie
903 1157 1080 1202 Teramo3
1156 1157 1231 1194 hoc
1295 1157 1398 1195 enim
1454 1157 1644 1208 oppidum
1696 1157 1810 1195 iuxta
1862 1156 2080 1195 Truentum
2135 1154 2194 1204 a&

410 1225 606 1262 Asculum
650 1225 842 1264 Picenum
902 1230 1011 1276 patet
1062 1225 1277 1274 significari
1319 1240 1355 1264 v.
1398 1226 1459 1263 13.
1542 1225 1795 1275 Quamquam
1852 1225 1887 1262 si
1937 1224 1999 1262 cui
2053 1209 2196 1278 magis?

410 1294 583 1344 placebit
619 1294 722 1332 viam
762 1292 954 1332 Salariam
993 1293 1160 1342 septimo
1198 1294 1355 1332 saeculo
1394 1294 1586 1331 Asculum
1630 1306 1709 1331 non
1747 1292 1946 1342 attigisse,
1984 1292 2054 1330 sed
2091 1284 2194 1342 pose’

414 1362 644 1412 Appennini
677 1362 886 1400 transitum
922 1361 1208 1399 Interamnium
1237 1363 1440 1412 petivisse,
1480 1362 1600 1399 verba
1630 1374 1731 1411 quae
1766 1361 1809 1399 in
1838 1360 1953 1399 titulo
1978 1356 2193 1406 ‘remanent'

414 1430 533 1468 etiam
563 1431 654 1468 huic
673 1431 850 1481 opinioni
879 1430 995 1468 facile
1025 1429 1441 1468 accommodabuntur.
1498 1430 1588 1468 Hoc
1618 1434 1734 1467 antea
1752 1429 1831 1466 iam
1860 1428 2182 1467 intellexeramus

409 1499 721 1546 Interamnium,
765 1498 870 1548 quod
909 1498 1123 1536 secundum
1159 1498 1362 1537 itineraria
1405 1499 1628 1548 posteriora
1679 1510 1703 1535 a
1740 1496 1897 1536 Salaria
1936 1497 2183 1547 aliquantum

411 1568 545 1617 distat,
576 1576 755 1619 tempore
784 1569 931 1607 liberae
961 1567 1019 1604 rei
1054 1566 1237 1616 publicae
1265 1567 1315 1605 ad
1359 1567 1489 1617 ipsam
1516 1566 1621 1604 viam
1647 1566 1845 1616 publicam
1880 1565 2020 1604 fuisse.
2078 1563 2184 1603 Nam

410 1637 614 1687 prodierat
643 1643 733 1675 ante
769 1649 894 1675 annos
930 1637 1014 1675 fere
1051 1636 1339 1688 quinquaginta
1373 1636 1413 1672 in
1450 1646 1545 1685 agro
1581 1634 1676 1685 pagi
1706 1633 1840 1674 Sancti
1871 1632 2008 1672 Omeri
2045 1632 2190 1683 cippus

409 1704 475 1743 hic
503 1706 699 1744 miliarius
733 1705 778 1756 (I.
811 1706 862 1743 N.
897 1704 1003 1744 6258
1037 1722 1085 1738 =
1117 1706 1196 1744 vol.
1230 1707 1249 1743 1
1281 1719 1319 1743 n.
1351 1703 1450 1753 561)
2171 1706 2186 1711 ”

1103 1866 1123 1892 1.
1148 1875 1156 1882 ·
1179 1865 1331 1893 cAEcm
1355 1875 1363 1882 ·
1387 1864 1447 1900 Q·
1469 1863 1490 1890 ιτ

1158 1936 1433 1974 ΜΕΤΙΙΙΙΙΙΙΒ
1460 1940 1470 1950 “·

1255 2027 1350 2055 cxix

1236 2107 1354 2135 ROMA

413 2248 482 2297 qui
512 2259 640 2297 pagus
677 2259 763 2285 cum
794 2247 945 2285 medius
977 2247 1028 2285 sit
1057 2248 1160 2285 inter
1189 2246 1382 2284 Asculum
1412 2251 1451 2283 et
1479 2245 1783 2292 Interamnium,
1826 2244 1905 2282 iam
1936 2244 2031 2282 olim
2059 2243 2174 2281 eden

410 2328 500 2353 eum
530 2316 689 2366 cippum
711 2316 899 2354 adnotavi
929 2328 1017 2353 eum
1049 2321 1162 2353 extra
1192 2315 1362 2365 rigorem
1393 2315 1481 2352 viae
1511 2312 1691 2352 Salariae
1719 2313 1955 2364 posterioris
1984 2312 2180 2363 prodiiss

411 2383 547 2433 itaque
577 2385 775 2433 pertinere
807 2384 930 2422 videri
961 2384 1010 2421 ad
1039 2382 1234 2423 Salariam
1266 2383 1370 2421 viam
1401 2383 1450 2420 ab
1481 2395 1527 2420 ea
1556 2395 1674 2433 quam
1702 2382 1886 2420 novimus
1916 2380 2114 2418 diversam
2143 2391 2180 2418 e

410 2452 679 2491 vetustiorem.

413 2588 531 2626 etiam
572 2590 743 2639 propius
795 2590 1027 2627 coniunctus
1075 2590 1231 2627 videtur
1279 2600 1379 2626 esse.
1457 2588 1721 2625 Attribuimus
1766 2599 1854 2624 eum
1903 2585 2031 2624 adhuc
2078 2583 2168 2623 duc

411 2656 635 2707 Borghesio
663 2657 711 2694 L.
744 2656 920 2696 Caecilio
951 2657 1000 2706 Q.
1033 2658 1058 2694 f.
1090 2657 1252 2695 Metello
1283 2655 1437 2693 consuli
1468 2662 1507 2693 et
1534 2655 1705 2704 quidem,
1749 2667 1836 2692 cum
1862 2653 1978 2692 huius
2007 2651 2171 2691 nomin'

411 2724 513 2763 duos
544 2726 730 2763 consules
761 2726 854 2764 fasti
885 2726 1098 2763 exhibeant
1117 2738 1152 2762 a.
1175 2731 1214 2762 et
1235 2723 1313 2761 612
1334 2730 1373 2761 et
1394 2723 1486 2770 637,
1516 2724 1655 2761 horum
1676 2718 1902 2772 posteriori.
1959 2721 2045 2759 Iam
2071 2731 2166 2769 vero

411 2805 498 2830 cum
536 2793 602 2830 via
636 2793 735 2831 haec
773 2799 854 2831 tam
890 2807 914 2831 a
949 2805 1113 2831 censore
1155 2792 1263 2829 refici
1299 2792 1474 2840 potuerit
1509 2803 1628 2840 quam
1667 2804 1691 2828 a
1726 2791 1911 2838 consule,
1959 2789 2053 2827 item
2090 2785 2174 2838 Ἀθ,

409 2860 496 2909 pari
523 2860 608 2898 iure
639 2866 676 2898 et
706 2861 813 2911 [eo]s.
846 2861 1020 2911 suppleri
1050 2860 1178 2909 possit
1199 2867 1237 2898 et
1267 2859 1410 2909 [cen]s.,
1443 2872 1547 2897 nunc
1566 2865 1694 2897 autem
1726 2858 1962 2909 patefactum
1993 2857 2045 2895 sit
2073 2855 2168 2904 νίαζ

413 2927 608 2967 Salariam
638 2932 898 2966 instauratam
930 2941 1018 2967 esse
1039 2925 1106 2978 [in
1136 2928 1312 2977 censu]ra
1347 2927 1503 2974 Caecili,
1535 2927 1693 2965 omnino
1724 2926 1936 2964 videndum
1967 2930 2047 2971 est,
2086 2934 2111 2962 n
2145 2963 2165 2967 ,

407 2995 511 3034 forte
542 2995 741 3034 Caecilius
789 2997 853 3035 hic
897 2998 931 3034 is
980 2998 1067 3046 ipse
1106 2997 1170 3044 sit,
1219 2997 1329 3034 cuius
1367 3008 1510 3034 nomen
1554 2995 1668 3045 cippo
1715 2994 1775 3031 illi
1822 2994 2055 3043 inscriptum
2102 2999 2193 3030 es

409 3063 462 3101 Et
481 3076 666 3103 censores
697 3065 855 3114 quidem
877 3064 1072 3103 Caecilios
1094 3065 1188 3102 fasti
1211 3065 1399 3102 exhibent
1423 3064 1609 3112 quinque,
1640 3075 1675 3100 a.
1699 3061 1775 3100 623
1801 3061 1851 3110 Q.
1870 3060 2074 3099 Metellum
2091 3057 2178 3116 M&

407 3131 651 3179 cedonicum,
682 3146 717 3171 a.
756 3132 836 3171 634
875 3133 924 3182 Q.
957 3133 1163 3171 Metellum
1193 3133 1458 3178 Baliaricum,
1504 3144 1538 3168 a.
1578 3130 1655 3168 639
1686 3128 1735 3168 L.
1765 3128 1990 3175 Metellum,
2029 3139 2065 3165 a..
2097 3125 2120 3164 6
2142 3118 2178 3186 ..Ὗ

413 3198 463 3247 Q.
493 3199 697 3238 Metellum
718 3200 972 3239 Numidicum
1007 3207 1046 3239 et
1076 3199 1120 3239 C.
1143 3201 1346 3239 Metellum
1367 3199 1614 3250 Caprarium,
1645 3197 1790 3247 quibus
1821 3188 1988 3248 singulis
2017 3196 2058 3233 in
2087 3192 2151 3232 e*v

409 3279 526 3316 quem
566 3268 719 3308 edimus
758 3269 914 3307 titulum
953 3269 1057 3307 idem
1093 3269 1155 3306 ius
1191 3275 1271 3315 est,
1307 3268 1385 3306 nisi
1413 3268 1517 3305 forte
1546 3266 1700 3304 duobus
1729 3264 1901 3303 Metellis
1934 3264 1976 3302 in
2011 3254 2176 3305 censu«⁴

409 3335 573 3386 collegis
604 3337 679 3375 hoc
715 3338 869 3384 obstat,
913 3337 1018 3387 quod
1048 3337 1089 3373 in
1111 3337 1251 3374 horum
1281 3336 1407 3374 altero
1437 3341 1525 3373 utro
1563 3334 1725 3372 omissio
1753 3331 2021 3383 praenominis
2057 3329 2123 3368 eti
2144 3327 2145 3330 '

410 3403 537 3452 magis
572 3406 747 3444 offendit.
808 3404 886 3444 Sed
923 3406 1062 3455 cippus
1100 3404 1294 3442 miliarius
1333 3402 1666 3443 Sanctomeranus
1711 3401 1744 3438 si
1784 3399 1960 3438 eiusdem
1995 3406 2146 3439 censo
