2222 3594
278 254 372 301 158
1051 262 1286 298 conssmn

1126 500 1188 550 H.

429 625 955 686 SVPPLEMENTVM
1005 624 1517 676 INSCRIPTIONVM
1569 623 1889 674 OSCARVM.

389 816 491 856 Cum
520 821 613 866 post
631 815 709 854 Th.
730 815 970 854 Mommseni
998 814 1142 853 librum
1173 813 1221 852 de
1250 813 1429 852 dialectis
1452 812 1593 851 Italiae
1622 812 1821 851 inferioris
1851 813 2036 864 scriptum

278 899 359 926 non
387 897 515 936 pauca
542 885 705 923 inventa
732 888 772 922 et
799 883 1001 934 publicata
1029 883 1109 920 sint
1136 883 1298 932 linguae
1328 880 1458 920 Oscae
1486 888 1757 929 monumenta,
1793 881 1864 920 sed
1892 894 1942 920 ea
1968 895 2039 933 per

278 955 427 994 multos
456 953 581 991 libros
611 952 761 1003 passim
790 951 988 1002 dispersa,
1017 951 1075 988 ita
1102 956 1146 988 ut
1175 950 1338 1000 longum
1369 949 1421 987 sit
1449 962 1497 987 ea
1525 949 1771 1000 conquirere,
1806 949 1841 988 si
1869 950 1959 1000 quis
1989 961 2039 988 ex

279 1023 336 1061 eis
366 1022 535 1060 fruc-tum
565 1033 728 1070 carpere
755 1019 853 1058 velit
881 1019 932 1057 ad
961 1019 1093 1057 studia
1119 1018 1185 1057 vel
1217 1031 1348 1056 rerum
1376 1017 1440 1056 vel
1467 1018 1692 1068 linguarum
1721 1017 1951 1056 Italicarum
1978 1030 2040 1056 re·
2115 1068 2118 1071 ι
2140 1010 2189 1070 [f

283 1090 472 1136 colenda,
499 1101 580 1126 non
609 1088 781 1127 alienum
811 1099 901 1126 esse
928 1100 952 1124 a
979 1086 1203 1125 rationibus
1232 1085 1348 1124 huius
1379 1085 1642 1136 ephemeridis
1671 1085 1844 1134 videtur,
1883 1085 2041 1124 inarum

284 1158 590 1208 inscriptionum
620 1156 938 1207 supplementum
967 1155 1032 1193 hic
1060 1155 1102 1192 in
1131 1160 1346 1205 conspectu
1374 1167 1533 1204 ponere,
1561 1154 1619 1192 ita
1637 1160 1682 1192 ut
1700 1154 1862 1192 nomina
1887 1166 1933 1192 ac
1950 1153 2042 1193 libri
2105 1155 2108 1157 ’
2131 1146 2159 1182 ἶέ
2188 1153 2190 1155 ’
2214 1151 2216 1154 ’

284 1227 460 1266 virorum
480 1225 686 1263 doctorum
706 1229 906 1271 notentur,
937 1223 1006 1273 qui
1036 1235 1103 1261 eas
1125 1228 1194 1260 aut
1212 1222 1431 1271 descriptas
1452 1222 1672 1269 ediderunt,
1701 1227 1770 1260 aut
1798 1222 1898 1260 scite
1924 1222 2042 1260 inter-

279 1295 425 1347 pretati
454 1301 566 1341 sunt,
603 1299 644 1330 et
671 1292 793 1330 verba
822 1291 931 1330 Osca
959 1303 1094 1329 earum
1123 1289 1270 1328 Latino
1301 1302 1507 1337 sermone,
1546 1296 1736 1340 quantum
1763 1291 1851 1329 fieri
1883 1290 2042 1341 poterit,

280 1367 464 1402 enarrata
507 1361 828 1400 annotationibus
873 1359 1109 1410 quibusdam
1152 1359 1317 1397 subinde
1374 1358 1538 1397 adiectis
1582 1363 1771 1408 tanquam
1808 1358 2042 1399 brevissimo

281 1429 608 1470 commentariolo
647 1429 897 1479 explicentur
926 1432 966 1466 et
993 1427 1254 1465 illustrentur.
1313 1428 1447 1477 Atque
1481 1427 1523 1464 in
1558 1426 1633 1464 hac
1669 1426 1885 1477 scriptione
1921 1423 2053 1465 semel*
2106 1408 2169 1473 '⁴³-

281 1501 429 1539 dictum
459 1499 571 1545 volo,
608 1510 671 1535 me
707 1496 824 1546 plane
862 1496 1102 1534 abstinuisse
1136 1507 1161 1533 a
1189 1495 1426 1533 coniecturis
1461 1507 1599 1533 eornm
1632 1494 1938 1545 persequendis,
1975 1492 2072 1544 qui>

282 1581 388 1606 nunc
418 1578 576 1617 quoque
606 1570 747 1615 putant
776 1564 853 1603 sibi
882 1564 1015 1611 licere,
1046 1564 1094 1601 de
1122 1551 1376 1613 his'linguae
1406 1562 1537 1602 Oscae
1566 1563 1830 1602 monumentis
1860 1562 2044 1610 scribere,
2074 1548 2092 1616 γ’.
2189 1571 2215 1615 ¹st

283 1635 477 1686 quidquid
508 1634 585 1672 sibi
615 1634 747 1671 animo
776 1633 942 1684 fingunt,
972 1631 1072 1669 nihil
1101 1637 1284 1669 curantes
1315 1636 1382 1668 aut
1410 1631 1468 1669 rei
1497 1631 1775 1682 epigraphicae
1794 1630 2043 1681 disciplinam
2068 1635 2070 1640 “
2112 1617 2143 1681 ⁴
2216 1624 2218 1626 ¹

282 1709 352 1743 aut
379 1704 605 1753 linguarum
625 1701 857 1740 Italicarum
886 1700 1162 1751 cognitionem.
1206 1698 1270 1737 De
1300 1699 1620 1749 inscriptionibus
1640 1699 1767 1750 igitur,
1782 1698 1912 1746 Oscis,
1942 1709 2044 1747 quae
2083 1685 2155 1756 Α

281 1777 376 1824 post
403 1770 642 1810 Mommseni
671 1770 815 1807 librum
843 1770 886 1807 in
913 1769 1043 1806 lucem
1074 1767 1322 1817 prodierunt,
1359 1768 1416 1805 ita
1445 1779 1558 1818 agam
1597 1767 1671 1805 hac
1701 1758 2054 1813 commentation'g*

282 1846 326 1878 ut
354 1840 531 1878 ordinem
560 1838 767 1888 regionum
797 1837 1055 1886 locorumque
1077 1847 1233 1885 sequar,
1264 1836 1330 1873 ubi
1358 1835 1540 1873 inventae
1562 1836 1656 1881 sint,
1686 1834 1930 1886 singulorum
1949 1839 2043 1872 vero

282 1909 460 1947 locorum
499 1907 638 1945 titulos
677 1905 891 1944 secundum
930 1916 1077 1954 genera
1112 1915 1249 1942 eorum
1285 1903 1503 1954 dispositos
1547 1903 1589 1941 in
1625 1902 1798 1941 medium
1831 1901 2040 1953 proferam,
2191 1926 2195 1944 .-

283 1977 521 2025 ubicumque
549 1987 596 2013 ea
625 1979 784 2013 exstare
812 1973 1007 2011 videntur.

882 2162 1189 2202 CAMPANIA.
1248 2161 1448 2201 CAPVA.

287 2274 322 2312 1.
380 2272 550 2311 Lamina
585 2270 774 2320 plumbea
802 2268 1012 2306 convoluta
1042 2281 1131 2306 cum
1161 2268 1276 2306 titulo
1305 2268 1559 2306 dextrorsum
1590 2267 1756 2318 scripto,
1790 2260 1832 2305 in
1861 2267 2045 2318 sepulcro
2184 2312 2185 2315 ¹

344 2339 481 2391 oppidi
510 2339 553 2378 S.
574 2339 712 2376 Maria
742 2339 782 2375 di
812 2336 947 2386 Capua
976 2348 1078 2373 anno
1112 2336 1216 2375 1857
1248 2349 1272 2374 a
1302 2335 1489 2374 Simmaco
1519 2337 1648 2374 Doria
1682 2337 1844 2374 inventa
1881 2342 1920 2373 et
1953 2346 2043 2373 evo·
2078 2331 2172 2389 ,«ᾖξ

300 2422 306 2429 “
342 2410 440 2456 luta,
470 2419 573 2445 nunc
600 2407 643 2444 in
673 2417 809 2444 museo
838 2404 1124 2454 Neapolitano:

492 2496 632 2562 ste[n]
668 2495 803 2544 klum
823 2532 833 2542 .
855 2493 1014 2543 viri-iis

492 2585 541 2626 tr
610 2576 859 2641 stl(?)apiu
880 2613 889 2623 .
910 2574 1085 2623 viri-iiis

492 2658 559 2724 pl.
631 2657 727 2706 asis
749 2694 758 2703 .
780 2655 967 2704 bivellis

492 2737 653 2804 uppiis
676 2778 686 2787 .
705 2736 976 2801 hellevi[i]s

495 2818 671 2868 luvikis
706 2817 901 2866 uhtavis

496 2898 654 2950 statiis
675 2937 685 2946 .
706 2897 887 2963 gaaviis
909 2934 920 2944 .
942 2915 1035 2963 nep
1071 2885 1246 2946 fatium
1268 2934 1278 2945 .
1299 2914 1393 2963 nep
1416 2936 1426 2945 .
1448 2898 1642 2947 deikum
1664 2937 1673 2946 .
1694 2902 1891 2964 putians

494 3016 655 3066 luvkis
675 3054 685 3063 .
705 3014 899 3064 uhtavis
921 3052 931 3062 .
951 3015 1196 3063 nuvellum
1233 3015 1424 3064 velliam

498 3115 591 3164 nep
613 3134 624 3145 .
645 3096 841 3146 deikum
876 3113 969 3161 nep
991 3135 1000 3144 .
1022 3097 1195 3144 fatium
1229 3097 1400 3162 putiad

498 3195 593 3245 nep
617 3217 626 3226 .
647 3177 877 3243 memnim
898 3213 909 3224 .
930 3194 1024 3243 nep
1047 3215 1057 3225 .
1078 3177 1209 3226 ulam
1231 3216 1240 3226 .
1262 3177 1368 3227 sifei
1388 3216 1398 3225 .
1419 3177 1603 3245 heriiad
1619 3179 1680 3242 1).

400 3317 430 3358 ¹)
467 3318 607 3350 Punctis
632 3317 830 3360 subscriptis
855 3317 971 3350 notavi
996 3317 1143 3360 litteras,
1178 3327 1264 3362 quae
1290 3318 1371 3363 quid
1398 3318 1588 3362 significent
1613 3322 1770 3361 apparet,
1808 3321 1843 3349 at
1867 3315 1909 3349 ab
1934 3313 2048 3358 aliqua
2066 3326 2080 3347 a

298 3383 395 3422 parte
420 3380 593 3412 mutilatae
619 3383 707 3413 sunt.
2148 3363 2171 3379 ἠ
