2222 3594
11 1386 824 1490 ?comfflNTAT10NEs
910 1397 1523 1474 EPIGRAPHJGAE
1606 1395 1834 1472 TRES.

932 1705 972 1755 Ι.

205 1861 297 1912 DE
338 1861 583 1912 TITVLO
625 1859 1026 1911 SEPVLCRALI
1066 1859 1235 1910 OSCO
1277 1858 1699 1910 LVCANORVM.

47 2024 270 2136 [Nuper
295 2083 374 2124 Th.
403 2084 625 2124 Mommsen
657 2097 808 2123 mecum
838 2084 1146 2123 communicavit
1174 2084 1253 2122 duo
1282 2083 1551 2134 inscriptionis
1581 2082 1715 2122 Oscae
1742 2095 1839 2133 apo·

51 2171 101 2186 ι
144 2152 226 2204 pha
239 2151 386 2192 litteris
405 2151 573 2191 Graecis
593 2159 821 2204 conceptae,
850 2165 953 2203 quae
972 2152 1147 2203 repperit
1173 2152 1215 2190 in
1239 2151 1434 2190 Mandelli
1460 2151 1558 2189 libro
1584 2152 1631 2189 de
1658 2150 1837 2189 Lucania

56 2234 64 2245 ·
80 2262 96 2271 ,d
217 2222 362 2271 scripto
397 2220 640 2259 bibliothecae
672 2221 978 2271 Neapolitanae,
1025 2233 1051 2258 a
1078 2220 1236 2258 nemine
1270 2232 1429 2267 eorum,
1464 2220 1534 2270 qui
1571 2220 1838 2258 monumentis

58 2296 89 2316 ÷÷
116 2307 149 2333 ·›,
169 2306 173 2315 =
209 2299 233 2326 e
247 2287 380 2327 Oscae
404 2287 639 2338 colligendis
665 2295 786 2339 atque
809 2288 1116 2339 interpretandis
1135 2301 1296 2338 operam
1311 2287 1515 2334 dederunt,
1535 2288 1740 2338 hucusque
1759 2300 1838 2325 me

123 2361 229 2395 rata
243 2356 340 2394 vel
326 2369 368 2394 ιιι
394 2355 523 2395 lucem
545 2362 762 2406 protracta.
819 2356 925 2394 Tum
953 2357 1072 2394 etiam
1101 2369 1127 2394 a
1156 2355 1209 2395 G.
1240 2356 1289 2393 de
1318 2356 1440 2394 Petra
1458 2355 1728 2406 Neapolitano
1753 2355 1840 2394 viro

161 2423 308 2462 -ssimo
326 2423 460 2475 accepi
488 2424 682 2475 imagines
700 2423 891 2462 Mandelli
911 2423 1232 2475 apographorum
1260 2432 1371 2463 carta
1389 2423 1588 2474 pellucida
1605 2423 1839 2462 delineatae.

75 2498 98 2532 ,’
154 2491 266 2531 delli
302 2491 424 2543 igitur
457 2492 499 2529 in
532 2504 630 2542 agro
664 2492 800 2543 oppidi
837 2493 970 2530 Diano
998 2491 1202 2530 Lucaniae
1237 2504 1360 2541 prope
1389 2492 1535 2530 fontem
1574 2491 1617 2530 S.
1649 2491 1842 2530 Giovanni

67 2571 93 2597 ,ι
119 2558 227 2598 suit
243 2559 430 2610 lapidem,
457 2571 576 2609 quem
603 2559 667 2598 his
696 2560 829 2598 verbis
849 2560 1056 2606 describit,
1092 2560 1174 2598 Vol.
1194 2560 1230 2606 I,
1254 2573 1296 2610 p.
1322 2561 1390 2598 94.
1420 2556 1542 2608 „Non
1570 2560 1672 2598 devo
1698 2559 1841 2597 tralas-

63 2678 65 2682 Ι
88 2623 94 2631 ³
170 2625 254 2665 di
280 2627 350 2677 qui
377 2627 614 2666 trascrivere
640 2627 668 2665 l’
686 2628 905 2666 iscrittione
933 2627 971 2666 d’
992 2642 1046 2666 un
1075 2640 1239 2674 marmo,
1270 2628 1343 2665 che
1371 2627 1437 2666 nel
1462 2627 1584 2678 piano
1613 2627 1720 2665 della
1745 2627 1842 2665 citta

67 2722 104 2774 ᾖ
101 2692 271 2734 Ὡίιιιο
287 2694 369 2732 mia
393 2695 525 2745 patria
542 2695 578 2733 si
604 2695 765 2734 ritrova.
823 2695 977 2744 Questo
998 2708 1149 2734 marmo
1169 2702 1318 2733 mostra
1337 2707 1416 2733 non
1436 2707 1570 2733 essere
1590 2696 1755 2742 entiero‚
1775 2707 1842 2732 ma

69 2784 75 2787 <
115 2773 271 2812 peno
290 2762 331 2800 di
350 2775 503 2800 marmo
521 2763 734 2814 maggiore.
764 2764 890 2814 Egli·
875 2778 897 2802 e
917 2764 957 2802 di
975 2763 1195 2815 lungbezza
1214 2764 1320 2801 eirca
1337 2768 1397 2801 tre
1416 2763 1550 2813 palmi,
1570 2763 1610 2800 di
1628 2763 1842 2812 larghezza

69 2832 85 2877 ζ
136 2847 166 2860 ···
196 2843 238 2868 o
263 2829 302 2868 α’
323 2831 414 2878 due,
442 2831 631 2880 semplice
660 2844 683 2869 e
708 2843 841 2879 rouo,
878 2832 988 2871 nella
1016 2832 1055 2870 di
1084 2831 1148 2869 cui
1176 2836 1289 2881 parte
1317 2831 1439 2882 piana
1467 2831 1504 2868 si
1531 2830 1683 2868 ritrova
1710 2830 1844 2881 quella

71 2884 76 2889 ’
136 2896 297 2944 :ctione
329 2898 383 2936 da
412 2911 477 2937 me
510 2911 586 2937 con
622 2899 819 2949 diligeuza
852 2900 1004 2950 grande
1036 2900 1232 2950 ricopiata
1267 2911 1341 2936 con
1370 2899 1500 2948 questi
1537 2898 1723 2936 caratteri
1758 2898 1843 2936 cosi

82 2954 153 3010 J
205 2965 277 3003 -nti
309 2965 374 3004 fra
407 2966 449 3004 di
485 2965 575 3004 loro
614 2966 656 3004 in
688 2967 912 3017 grandezza
938 2974 1013 3005 etc.
1020 2968 1041 2988 ‘⁶
1097 2967 1312 3006 Praeterea
1341 2966 1532 3004 Mandelli
1566 2972 1720 3012 narrat,
1752 2977 1841 3003 cum

182 3026 347 3082 quidam
374 3031 532 3071 Graece
567 3034 674 3072 docti
702 3034 789 3073 viso
818 3035 1049 3085 apographo
1080 3035 1332 3072 dubitassent
1365 3035 1414 3072 de
1443 3034 1577 3071 littera
1605 3044 1624 3071 t
1651 3046 1677 3071 a
1703 3045 1747 3070 se
1776 3033 1843 3070 de-

3 3108 7 3139 ὶ
72 3106 129 3155 J·
150 3117 168 3130 ·-⁷
215 3127 217 3130 -
270 3100 434 3150 eiusque
460 3101 551 3139 loco
579 3102 841 3141 coniecissent
866 3113 888 3139 r
916 3103 958 3140 in
987 3103 1120 3151 lapide
1150 3102 1340 3151 scriptum
1370 3114 1471 3148 esse,
1508 3113 1553 3139 se
1581 3101 1686 3138 hunc
1712 3101 1843 3138 denuo

71 3168 92 3216 J
172 3167 335 3206 inasse
363 3174 484 3218 atque
510 3169 710 3208 invenisse
738 3183 878 3208 revera
905 3171 962 3208 ibi
989 3181 1007 3207 t
1035 3175 1242 3207 exaratum
1271 3181 1361 3207 esse
1390 3168 1436 3216 (l.
1457 3168 1522 3217 c.).

74 3251 79 3259 ·
105 3230 124 3286 J
190 3234 381 3273 Mandelli
408 3248 504 3274 vero
531 3236 575 3274 in
602 3236 704 3274 libro
733 3249 808 3276 suo
835 3239 899 3276 bis
928 3237 1063 3287 posuit
1090 3236 1248 3274 titulum
1276 3236 1420 3274 litteris
1450 3235 1503 3272 ad
1529 3235 1675 3285 lapidis
1706 3235 1846 3274 simili-

75 3300 86 3310 *
141 3299 513 3351 1·‘·emdelineatis‚
548 3304 719 3354 primum
746 3305 837 3343 loco
866 3310 1004 3343 notato
1032 3304 1152 3353 primi
1178 3303 1407 3350 voluminis,
1437 3303 1580 3340 iterum
1607 3302 1648 3340 in
1676 3302 1756 3341 fine
1783 3315 1846 3342 se·

174 3367 204 3399 ·'
222 3369 448 3418 voluminis,
476 3377 691 3422 postquam
720 3372 814 3410 data
840 3384 965 3423 opera
990 3371 1265 3422 apographum
1295 3383 1411 3409 suum
1440 3382 1527 3408 cum
1556 3382 1755 3410 marmore
1777 3370 1847 3410 de-

78 3452 153 3499 lg·
189 3436 371 3475 contulit.
639 3425 643 3429 ,

1523 3505 1571 3544 11

2174 2526 2182 2538 1
2196 2496 2222 2559 1}

2183 2837 2222 2889 ⁷⁴}

2196 2893 2222 2934 ἒ

2199 2935 2222 2980 <2

2201 3272 2222 3294 d‘1
