2222 3594
287 229 386 275 254
683 238 1090 274 OBSERVArioNEs
1126 238 1494 273 EPIGRAPHICAE
1517 239 1640 272 xvii.

395 359 440 404 5.
491 354 862 404 Rhoemetalces
891 373 1058 418 patruus
1087 368 1359 419 praecedentis
1376 368 1433 418 1),
1469 368 1575 406 filius
1605 368 1727 419 igitur
1756 366 1855 405 alter
1883 365 2053 407 Sadalae

289 444 328 478 et
355 438 684 486 Polemocratiae,
716 450 805 475 cum
832 437 967 475 fratris
996 437 1092 484 filio,
1129 437 1241 475 cuius
1272 442 1388 474 antea
1417 437 1581 474 tutelam
1611 449 1701 474 eum
1731 436 1908 486 gessisse
1936 436 2054 475 modo

287 507 479 555 vidimus,
523 517 563 544 a.
591 506 668 543 743
707 506 979 553 successisset,
1010 519 1045 544 a.
1077 504 1155 544 759
1189 522 1237 537 =
1272 518 1311 555 p.
1344 503 1437 543 Chr.
1470 504 1493 542 6
1531 504 1720 554 auspiciis
1758 503 1912 542 Tiberii
1948 505 2054 543 bello

287 575 520 616 Pannonico
541 575 698 626 egregie
717 573 972 625 pugnavit2).
1018 573 1130 613 Obiit
1148 574 1366 624 imperante
1387 574 1571 624 Augusto
1598 579 1688 611 ante
1709 585 1744 611 a.
1765 586 1804 624 p.
1822 571 1916 612 Chr.
1937 571 1986 611 12
2001 572 2055 622 ⁸).

402 712 445 759 6.
495 707 649 776 Cotys
678 723 986 762 Rhoemetalcae
1014 723 1120 761 filius
1147 728 1240 772 post
1267 723 1393 773 patris
1423 727 1591 760 mortem
1621 721 1823 760 meliorem
1852 726 1892 760 et
1920 721 2058 771 cultio-

287 806 372 833 rem
409 793 522 844 regni
560 793 645 831 eius
682 797 835 842 partem
875 792 1045 830 obtinuit
1088 791 1196 840 (adn.
1238 790 1296 840 3),
1343 790 1528 828 laudatus
1568 789 1710 828 Tacito
1751 790 1801 828 ob
1836 786 2057 841 ‘ingenium
2112 816 2117 822 .

290 863 386 901 mite
414 868 455 900 et
483 858 723 909 amoenum’,
756 860 901 899 Ovidio
918 857 959 910 4)
988 861 1038 898 ob
1069 859 1199 897 studia
1227 859 1376 909 poesis.
1434 858 1575 896 Patrui
1605 858 1918 909 Rhescuporidis
1947 865 2060 909 parte

289 930 415 981 regni,
447 943 563 981 quam
594 930 630 967 ei
660 931 867 979 Augustus
899 929 1141 978 adsignarat,
1173 939 1253 965 non
1283 927 1457 964 contenti
1485 926 1641 964 insidiis
1670 926 1788 976 periit
1814 927 1918 964 inter
1947 939 1982 965 a.
2007 927 2059 965 14

292 1006 332 1038 et
363 999 411 1038 19
443 1013 480 1050 p.
505 997 665 1047 Chr.⁵).
726 996 855 1047 Cotyn
892 1009 1056 1034 uxorem
1095 995 1261 1033 duxisse
1299 995 1422 1032 filiam
1456 994 1686 1032 Polemonis
1720 994 1825 1044 regis
1861 988 1983 1033 Ponti
2020 1001 2059 1033 et

290 1066 577 1119 Pythodoridis
607 1067 738 1116 neptis
768 1078 819 1103 ex
848 1065 931 1102 filia
960 1065 1012 1102 M.
1038 1064 1204 1102 Antonii
1234 1063 1375 1100 IIIviri
1404 1068 1520 1100 antea
1549 1062 1942 1113 compereramus⁶);
1981 1064 2060 1102 iam

292 1149 386 1175 vero
408 1136 567 1173 decreta
596 1135 672 1172 duo
694 1132 981 1184 Cyzicenorum
1012 1132 1139 1171 eidem
1169 1131 1329 1169 tabulae
1357 1131 1482 1168 incisa
1511 1135 1550 1168 et
1578 1131 1741 1168 nomina
1769 1131 1853 1169 eius
1882 1132 2060 1170 mulieris

293 1216 368 1244 nos
390 1205 607 1242 docuerunt
636 1209 676 1240 et
696 1202 775 1239 alia
794 1201 999 1251 complura
1019 1201 1123 1239 scitu
1144 1212 1240 1238 sane
1260 1199 1390 1248 digna.
1439 1197 1598 1237 Scilicet
1627 1198 1850 1248 appellatur
1868 1199 1910 1236 in
1929 1200 2061 1250 priore
2116 1186 2119 1187 ⁷

291 1269 474 1312 Ἀντωνία
493 1265 695 1326 Τρύφαινα
722 1263 919 1313 βασιλέως
939 1261 1154 1311 Πολέμωνος
1181 1261 1243 1305 καὶ
1264 1261 1501 1313 &avelles-rte
1521 1261 1794 1321 Hv&08w'51309
1814 1260 2062 1320 Φιλομήτορος

402 1508 433 1549 ¹)
466 1509 623 1541 Fratrem
651 1506 824 1538 crederem
851 1508 933 1536 natu
959 1503 1125 1535 minorem
1154 1503 1305 1545 proximi
1331 1502 1420 1544 regis
1437 1501 1717 1544 Rhescuporidis,
1745 1511 1823 1534 cum
1846 1502 1961 1544 plures
1983 1502 2068 1535 libe-

297 1582 355 1605 ros
381 1574 512 1603 constet
539 1569 650 1611 Cotyn
676 1568 863 1610 reliquisse,
900 1566 966 1598 nisi
992 1565 1151 1605 obstaret,
1193 1564 1284 1607 quod
1311 1564 1575 1596 Rhoemetalcae
1602 1564 1763 1595 successit
1785 1563 1892 1596 frater
1916 1563 2067 1599 Rhescu-

295 1634 401 1677 poris,
429 1642 491 1664 nec
517 1631 602 1663 duos
629 1630 781 1662 eiusdem
807 1628 955 1661 nominis
983 1627 1105 1659 fratres
1132 1626 1391 1659 Rhoemetalces
1418 1625 1577 1657 habuisse
1602 1629 1725 1667 potest.

403 1728 435 1772 2)
469 1730 595 1763 Vellei.
615 1730 647 1769 2,
670 1729 751 1761 112.
802 1727 872 1759 Dio
901 1727 957 1766 55,
987 1725 1044 1758 30.
1096 1724 1196 1758 Ovid.
1216 1734 1258 1756 ex
1284 1724 1396 1756 Ponto
1425 1725 1456 1763 2,
1477 1723 1509 1764 9,
1529 1724 1587 1756 45.
1609 1723 1665 1756 59.
1714 1724 1855 1756 Nummi
1882 1725 1954 1767 eins
1978 1726 2068 1769 regis

300 1798 420 1826 extant
445 1802 516 1825 non
540 1791 652 1834 pauci,
683 1790 847 1822 habentes
875 1789 917 1821 ab
943 1797 1011 1819 una
1037 1791 1133 1829 parte
1153 1791 1252 1828 eaput
1270 1785 1418 1827 Augusti
1443 1785 1614 1826 adscripto
1632 1786 1782 1825 nomine,
1810 1786 1970 1819 adiuncto
1995 1787 2068 1831 ple-

301 1865 444 1898 rumque
470 1854 580 1896 capite
606 1852 742 1891 Liviae,
774 1852 816 1883 ab
843 1852 950 1883 altera
976 1853 1076 1891 caput
1102 1848 1191 1889 regis
1218 1847 1389 1888 adscripto
1415 1847 1497 1878 item
1522 1847 1688 1879 vocabulo
1715 1847 1950 1890 adiunctisque
1975 1850 2068 1892 capi-

300 1917 390 1950 tibus
419 1926 494 1948 cum
520 1915 639 1947 uxoris
665 1919 737 1946 tum
761 1914 824 1945 filii
851 1912 1011 1951 infantis,
1043 1910 1161 1951 Cotyis
1189 1909 1345 1940 videlicet
1371 1908 1516 1948 (Eckhel
1542 1910 1575 1948 2,
1605 1908 1676 1948 58).
1725 1909 1769 1940 In
1795 1909 1894 1941 titulo
1920 1910 2067 1953 Amphi-

300 1979 456 2022 politano
483 1977 521 2010 C.
543 1977 573 2009 Ι.
594 1975 653 2009 Gr.
675 1976 769 2007 2009
797 1975 853 2017 qui
879 1974 1075 2005 nominatur
1101 1960 1304 2015 Φιλᾶτειμος
1330 1966 1501 2010 βασιλέως
1524 1961 1754 2013 Ῥοιμητᾶλκα
1781 1967 1901 2007 δοῦλος
1925 1975 1959 2003 et
1983 1982 2070 2014 quae

302 2041 440 2072 titulum
466 2039 635 2071 urbanum
662 2037 767 2070 Orell.
797 2036 865 2068 631
893 2035 1006 2077 posuit
1031 2032 1125 2064 Iulia
1156 2031 1326 2074 Tyndaris
1357 2029 1391 2063 C.
1410 2030 1482 2063 Iuli
1504 2031 1597 2074 reglis
1621 2029 1890 2064 Rhoemetalcaes
1915 2031 2068 2074 Κῶον-ια)

304 2106 363 2134 aut
389 2101 434 2133 ad
458 2101 558 2132 huius
583 2099 750 2131 familiam
776 2097 1012 2140 pertinuerunt
1037 2099 1094 2126 aut
1118 2093 1162 2125 ad
1188 2094 1355 2125 familiam
1381 2093 1593 2134 cognominis
1611 2093 1727 2125 fratris
1743 2093 1807 2125 filii
1832 2093 1938 2134 (infra
1961 2105 1996 2127 n.
2015 2095 2070 2136 8);

303 2173 385 2196 nam
411 2162 469 2204 qui
495 2161 556 2193 sub
573 2161 638 2192 Pio
664 2161 700 2191 in
718 2159 874 2201 Bosporo
901 2157 1056 2199 regnavit
1073 2155 1330 2188 Rhoemetalces
1344 2165 1404 2186 rex
1424 2155 1479 2187 Ti.
1498 2155 1606 2186 Iulius
1631 2154 1697 2186 fuit
1722 2154 1775 2194 (C.
1793 2155 1822 2187 Ι.
1838 2154 1898 2188 Gr.
1916 2156 2070 2199 2108f).

408 2245 440 2287 ³)
474 2246 613 2279 Tacitus
639 2255 717 2276 ann.
740 2245 772 2284 2,
794 2244 857 2276 64:
885 2252 1005 2274 omnem
1025 2251 1095 2272 eam
1116 2240 1278 2272 nationem
1305 2238 1525 2279 (Thraecum)
1544 2237 1789 2271 Rhoemetalces
1814 2243 1980 2280 tenuerat3
2008 2251 2070 2284 quo

308 2307 460 2351 defuneto
479 2307 652 2350 Auqustus
673 2309 805 2349 partem
829 2303 1010 2336 Thraecum
1035 2300 1288 2345 Rhescuporidi
1301 2300 1415 2343 fratri
1439 2301 1519 2340 eius,
1541 2304 1673 2344 partem
1691 2300 1768 2344 filio
1794 2299 1891 2344 Cotyi
1908 2302 2073 2345 permisit.

308 2371 395 2403 Cum
420 2370 500 2401 libri
527 2369 667 2401 secundi
694 2367 914 2409 epistularum
941 2376 983 2397 ex
1002 2365 1114 2397 Ponto
1141 2373 1268 2395 nonam
1292 2363 1435 2396 Ovidius
1461 2362 1606 2404 scripsit,
1632 2362 1892 2396 Rhoemetalces
1917 2369 2070 2397 mortuus

306 2432 389 2472 fuit3
417 2431 552 2473 scripsit
577 2435 689 2462 autem
716 2439 790 2461 eam
818 2438 848 2459 a.
874 2428 945 2459 fere
966 2426 1034 2458 765
1062 2426 1200 2457 biennio
1228 2429 1304 2456 ante
1332 2424 1461 2456 obitum
1482 2423 1639 2465 Augusti.

410 2515 443 2557 ¹¹)
475 2516 530 2548 Ex
556 2515 669 2547 Ponto
697 2515 729 2554 2,
758 2514 796 2546 9;
836 2510 933 2554 Cotyi
957 2511 1040 2553 reyi.
1091 2510 1144 2542 Ibi
1171 2497 1274 2541 aitv.
1295 2510 1357 2541 49:
1391 2518 1449 2540 nee
1477 2518 1590 2550 requm
1617 2508 1787 2552 quisquam
1811 2510 1918 2552 mayis
1944 2514 1993 2542 est
2020 2510 2071 2542 in-

309 2582 453 2611 structus
485 2575 527 2608 ab
559 2575 631 2608 illis
662 2574 816 2615 (artibus)
849 2572 980 2605 mitibus
1013 2576 1072 2604 aut
1102 2570 1223 2603 εΐιιίῖιῖε
1256 2574 1402 2613 tempora
1435 2569 1542 2612 plara
1573 2568 1684 2601 a'edit:
1717 2571 1867 2602 earmina
1899 2575 2071 2611 testantur,

311 2650 404 2683 quae,
440 2639 471 2670 si
495 2643 553 2670 tua
577 2637 710 2669 nomina
735 2635 857 2675 demas,
892 2633 1077 2666 Threicium
1102 2642 1246 2664 mvenem
1272 2631 1490 2674 composuisse
1517 2641 1637 2673 tzeyem.
1688 2631 1863 2673 Antipatri
1889 2632 2074 2665 Thessalo-

310 2701 458 2734 nicensis
484 2699 635 2741 aequalis
660 2699 767 2740 ipsius
793 2698 828 2729 in
855 2706 932 2728 eum
958 2696 1168 2737 epigramma
1193 2693 1341 2734 legitur
1332 2703 1366 2724 in
1389 2691 1587 2733 anthologia
1603 2692 1782 2725 Planudea
1807 2694 1840 2733 4,
1861 2694 1905 2726 75
1934 2692 1981 2734 (2,
2003 2694 2073 2726 646

313 2761 450 2803 Iacobs)
477 2761 558 2793 hoc:

724 2818 805 2860 Ζηνὶ
830 2813 885 2850 καὶ
908 2810 1102 2849 Ἀπόλλωνι
1127 2813 1180 2847 καὶ
1205 2807 1317 2859 *Αρεῃ
1345 2811 1452 2846 τέκνον
1479 2804 1633 2855 ἀνακτων,

855 2876 981 2911 εἴκελον
1010 2874 1141 2924 εὐκταίῃ
1170 2874 1308 2921 μητέρος
1335 2871 1460 2922 εὐτυχίῃ

721 2934 827 2974 πάντα
851 2952 904 2972 τοι
930 2939 963 2972 ἐκ
988 2937 1138 2982 Μοιρέων
1165 2930 1344 2978 βασιλήια,
1371 2930 1476 2968 πάντα
1499 2934 1615 2968 τέλεια

857 2995 985 3044 ἦλθεν·
1006 2993 1163 3042 ἐποιήθης
1190 2995 1223 3030 δ’
1243 2996 1334 3042 ἔργον
1359 2989 1580 3030 ἀοιδοπᾶλων.

726 3057 810 3102 Ζεῦς
837 3062 997 3106 σκῆπτρον
1023 3057 1213 3104 βασίλειον,
1237 3053 1346 3103 Ἀρης
1373 3052 1462 3103 δυ’ρυ,
1490 3051 1699 3100 καλλοσῦνην
1726 3057 1762 3090 δὲ

861 3125 989 3166 Φοῖβος
1015 3122 1110 3171 ἔχει·
1136 3110 1224 3167 πάροῖ
1251 3117 1307 3153 σοὶ
1335 3116 1369 3152 δ’
1388 3113 1501 3166 ἀθρόα
1524 3113 1639 3162 πάντα,
1667 3113 1767 3153 Κότυ.
1790 3164 1793 3165 ⁷

421 3219 453 3261 ⁵)
486 3221 637 3253 Narrant
667 3229 739 3251 rem
772 3218 912 3251 Tacitus
940 3218 977 3256 2,
1008 3215 1165 3248 64—67
1200 3218 1233 3246 et
1257 3213 1409 3246 Velleius
1437 3214 1477 3252 2,
1509 3213 1597 3252 1293
1630 3212 1673 3244 cf.
1700 3212 1840 3246 Sueton.
1868 3212 1946 3245 Tib.
1974 3212 2019 3244 37
2047 3215 2081 3243 et

321 3282 432 3317 Strab.
460 3282 483 3314 l.
512 3292 540 3314 e.
1855 3284 1859 3288 ·

424 3366 456 3409 ⁶)
491 3366 602 3401 strab.
625 3367 680 3406 12,
702 3366 734 3405 3,
755 3365 798 3397 29
826 3375 860 3407 p.
881 3364 962 3397 556.
