2222 3594
282 272 305 317 1
315 272 376 318 62
1059 286 1294 321 conssnnz

275 399 341 439 13.
400 399 569 438 Lamiua
596 400 728 438 fictilis
759 401 883 439 stelae
911 401 1056 450 forma,
1093 402 1136 440 in
1171 402 1296 440 altera
1331 409 1444 452 parte
1484 403 1572 454 apri
1611 403 1743 453 effigie
1772 403 1970 450 decorata,
1997 403 2040 443 in

331 461 457 506 altera
498 468 625 507 tribus
673 469 913 507 ornamentis
957 470 1006 507 ad
1048 469 1190 508 florum
1234 471 1534 509 similitudinem
1569 471 1793 520 expressis,
1845 471 2042 522 utrimque

330 536 534 586 inscripta,
571 536 732 575 inventa
768 537 824 575 φιβ’
855 538 973 587 sondz'
1007 538 1069 576 del
1097 541 1167 588 εἰς).
1204 538 1407 577 Pattorelli
1443 539 1519 576 alle
1553 538 1674 585 Curti,
1713 551 1778 576 ove
1813 538 2042 578 estendevasi

331 605 491 644 l’antica
511 605 657 655 Capua,
687 617 768 643 non
797 605 919 644 multo
950 611 1041 644 ante
1070 606 1171 644 diem
1211 607 1397 645 lmensis
1429 605 1615 645 Octobris
1646 619 1681 645 a.
1709 606 1831 655 1873,
1861 619 1964 645 nunc
1998 607 2041 647 in

333 685 471 712 museo
511 671 727 724 Capuanoz

443 790 479 815 a.
509 777 551 814 in
579 785 693 828 parte
724 778 850 816 tribus
880 779 1121 817 ornamentis
1150 778 1230 817 illis
1260 778 1424 830 insigni:

613 856 803 906 minieis
829 896 839 905 .
866 857 1110 906 kaisillieis
1137 894 1148 905 .
1174 857 1399 906 minateis
1426 894 1437 905 .
1463 857 1671 921 ner-(um)

615 938 728 986 ekas
756 977 765 986 .
792 937 966 987 iuvilas
995 977 1005 986 .
1031 938 1161 987 invei
1187 977 1196 986 .
1222 937 1389 1004 flagiui

682 1007 866 1056 stahint

444 1112 482 1150 b.
513 1112 554 1150 in
583 1112 708 1150 altera
735 1118 849 1163 parte
878 1113 965 1163 apri
995 1113 1126 1163 effigie
1156 1119 1314 1151 ornata:

617 1202 841 1251 minnieis
869 1241 878 1250 .
905 1202 1149 1251 kaisillieis
1177 1240 1187 1250 .
1208 1203 1431 1252 minateis
1459 1242 1469 1251 .
1496 1204 1696 1269 ner(um)

612 1284 728 1333 ekas
756 1322 765 1332 .
793 1284 967 1333 iuvilas
995 1322 1004 1331 .
1032 1283 1160 1332 iuvei
1189 1323 1199 1332 .
1226 1284 1392 1350 flagiui
1416 1318 1435 1338 .
1459 1285 1643 1334 stahint

559 1390 685 1435 Minii,
717 1387 901 1437 Caisillii,
931 1390 1094 1428 Minatis
1116 1390 1308 1429 nobilium

557 1459 631 1496 hae
661 1458 845 1497 iuvantes
874 1470 939 1496 res
970 1457 1175 1508 (deliciae)
1205 1459 1292 1497 Iovi
1321 1458 1579 1510 Fulguratori
1609 1464 1714 1498 stent
1743 1458 1930 1509 (sacrae).

383 1549 520 1587 Edidit
563 1556 600 1587 et
642 1550 928 1599 interpretatus
968 1556 1029 1588 est
1069 1550 1105 1588 I.
1126 1549 1356 1598 ‚Miner-vini,
1401 1551 1584 1589 Bulletin.
1630 1551 1733 1589 della
1782 1548 2040 1588 Commission.

275 1616 512 1655 Conservatr.
554 1618 595 1655 di
643 1618 761 1655 Terra
803 1619 845 1655 di
888 1617 1062 1664 Lavoro,
1111 1618 1256 1656 Tornat
1297 1619 1359 1656 del
1396 1621 1418 1657 1
1464 1618 1583 1657 Ottob.
1619 1619 1739 1666 1873,
1778 1632 1822 1668 p.
1860 1617 1924 1656 99.
1953 1618 2039 1656 100.

271 1686 453 1735 Apparet
481 1685 521 1723 in
551 1691 719 1735 utroque
749 1686 872 1724 latere
891 1686 1061 1724 laminae
1082 1686 1144 1724 vel
1165 1687 1289 1725 stelae
1310 1687 1445 1725 eadem
1468 1688 1588 1725 verba
1607 1686 1716 1729 Osca
1743 1686 1844 1736 legi,
1874 1698 2040 1736 quorum
2106 1739 2110 1743 .
2145 1681 2210 1737 jff?

272 1753 350 1790 duo
379 1754 509 1804 prima
539 1754 754 1803 scriptione
790 1767 838 1792 eo
869 1755 1076 1801 differunt,
1117 1755 1223 1804 quod
1259 1755 1386 1792 altera
1414 1767 1507 1806 pars
1543 1755 1662 1792 habet
1690 1754 1846 1792 Minieis
1875 1760 1915 1792 et
1943 1753 2042 1792 Kai-

272 1821 419 1868 sillia's,
463 1821 590 1860 altera
625 1822 805 1860 Munieis
850 1828 887 1860 et
923 1822 1152 1860 Kaisilliez's.
1212 1821 1279 1861 Sic
1317 1835 1438 1873 supra
1476 1823 1648 1861 vidimus
1687 1823 1852 1860 eandem
1887 1821 2041 1860 dedica-

273 1889 395 1927 tionis
424 1890 637 1928 formulam
667 1890 817 1929 Oscam
847 1891 907 1928 bis
938 1891 1123 1940 scriptam
1155 1902 1243 1929 esse
1273 1876 1314 1928 in
1343 1891 1493 1929 lamina
1521 1891 1633 1929 fictili
1662 1889 1854 1940 Capuana
1881 1889 1935 1940 (n.
1956 1889 2040 1940 10).

277 1956 453 1996 Genitivi
483 1959 684 1997 nominum
715 1959 873 1996 Miniez‘s
895 1958 1130 2008 (Minnieiss),
1160 1958 1375 1997 Kaisilliez's
1397 1958 1652 2008 (Kaisilliez's)
1682 1959 1857 1997 eiusdem
1887 1946 2042 2008 generis

273 2031 364 2064 sunt
393 2038 439 2064 ac
471 2026 645 2065 Miiniez's
676 2026 731 2076 (η.
763 2027 821 2076 5),
856 2027 1078 2073 Νἱαηιεὶείε,
1112 2027 1354 2074 ΜεεῖίΙσὶἰείε,
1391 2027 1656 2073 Ῐεαηιόεηηίείε,
1693 2034 1832 2065 contra
1860 2027 2040 2066 Minateis

271 2094 488 2144 respondet
516 2095 702 2146 genitivis
734 2094 1008 2142 Ldvkanateis,
1038 2094 1299 2142 Herentatez's,
1328 2101 1367 2133 et
1395 2107 1539 2133 nomen
1575 2095 1722 2146 gentile
1757 2101 1819 2133 est
1846 2093 2055 2144 particula·

273 2165 346 2200 -atz'
375 2162 509 2200 adfixa
536 2162 768 2210 formatum,
805 2163 940 2212 qualia
975 2168 1014 2200 et
1041 2162 1312 2201 Romanorum
1349 2168 1388 2201 et
1425 2162 1685 2201 Etruscorum
1721 2163 1848 2202 fuisse
1883 2167 2040 2202 constat

272 2229 412 2279 (Orell.
448 2231 570 2269 Inscr.
607 2231 726 2269 Henz.
764 2231 848 2278 III,
876 2245 917 2281 p.
946 2231 1035 2270 243.
1094 2231 1284 2278 Ηαεόηεν,
1331 2231 1485 2277 Quaest.
1522 2244 1639 2269 onom.
1672 2244 1714 2280 p.
1751 2231 1815 2269 18.
1857 2230 1900 2269 C.
1936 2229 2038 2270 Krit.

271 2298 394 2336 Beitr.
431 2312 470 2348 p.
506 2299 603 2338 565.
638 2299 727 2337 566.
774 2297 816 2336 C.
855 2298 1027 2348 Spraohe
1070 2300 1136 2336 der
1163 2299 1356 2337 Etruslcer
1383 2299 1419 2345 I,
1456 2299 1537 2338 294
1575 2312 1630 2349 sq.
1668 2300 1785 2349 298).
1842 2297 2038 2348 Ner(um),

273 2366 381 2416 quod
410 2380 490 2405 non
518 2367 714 2418 integrum
745 2378 834 2405 esse
864 2368 1053 2417 scriptum
1084 2367 1184 2404 vidit
1213 2367 1436 2414 Minervini,
1467 2368 1654 2418 supplevi
1683 2381 1705 2405 e
1734 2366 1908 2418 genitivo
1937 2367 2037 2418 plur.

270 2447 400 2472 nerum
449 2435 609 2473 tabulae
644 2435 840 2473 Bantinae
881 2436 931 2484 (v.
966 2435 1028 2473 29.
1065 2434 1154 2484 31),
1198 2447 1315 2485 quem
1358 2435 1596 2486 comparatis
1640 2434 1881 2473 Umbrorum
1923 2434 2038 2472 huius

271 2503 458 2541 vocabuli
495 2503 653 2541 casibus
690 2505 801 2552 ner-f
829 2516 910 2541 acc.
946 2503 1046 2553 plur.
1084 2510 1124 2541 et
1157 2515 1284 2541 ner-us
1320 2502 1398 2540 dat.
1436 2503 1538 2553 plur.
1577 2503 1845 2541 demonstravi
1880 2502 2038 2554 proprie

274 2570 499 2622 significare
524 2572 708 2620 sortium,
751 2572 843 2609 inde
878 2571 1079 2617 nobilium,
1119 2573 1338 2621 principum
1368 2570 1433 2620 (Z.
1455 2573 1492 2620 f.
1522 2571 1638 2620 verql.
1671 2570 1762 2620 Spr.
1805 2570 1847 2610 V.
1876 2571 1955 2609 117
1980 2582 2036 2620 sq.

273 2640 321 2688 cs.
358 2639 578 2685 Minercini,
615 2640 640 2677 l.
679 2638 743 2688 c.).
814 2639 925 2676 Eleas
964 2639 1104 2677 iuvilas
1145 2645 1237 2676 sunt
1272 2639 1505 2677 nominativi
1543 2638 1645 2689 plur.
1682 2639 1772 2676 fem.
1809 2644 1852 2676 ut
1888 2637 2035 2684 eleas-lc,

273 2719 378 2754 αεαε,
395 2709 562 2757 scrtftas,
580 2707 767 2757 quoniam
788 2707 1005 2745 accusativi
1021 2707 1122 2757 plur.
1140 2706 1316 2744 eiusdem
1332 2706 1606 2744 declinationis
1624 2706 1748 2753 ekass,
1777 2709 1881 2744 viass
1896 2710 2040 2744 exeunt

276 2775 320 2813 in
348 2787 399 2813 ss.
458 2775 600 2825 Itaque
629 2776 771 2813 iuvilas
793 2776 1081 2813 substantivum
1103 2775 1342 2825 comparatis
1362 2775 1494 2812 verbis
1523 2773 1680 2812 Latinis
1709 2776 1814 2812 iuvat
1844 2772 2037 2823 (delectat)

274 2848 313 2880 et
330 2844 515 2881 iucundus
534 2844 773 2894 interpretor
792 2855 852 2881 res
872 2846 1053 2890 iuvantes,
1083 2855 1142 2881 res
1163 2843 1359 2889 iucundae,
1388 2842 1546 2880 deliciae
1566 2837 1824 2896 (χαριστήρια,
1835 2834 2038 2889 κειμήλια),

276 2923 380 2961 quae
410 2912 595 2950 videlicet
624 2924 649 2949 a
677 2911 878 2949 nobilibus
909 2910 1110 2960 Capuanis
1139 2911 1180 2948 in
1210 2911 1326 2948 titulo
1356 2910 1567 2947 nominatis
1587 2910 1673 2947 Iovi
1702 2894 1906 2948 dedicatae
1935 2911 2036 2947 sunt.

274 2980 383 3017 Ιάυεί
412 2980 576 3030 Flaqiuz'
616 2979 767 3029 optima
795 2979 948 3017 ratione
976 2979 1009 3017 Ι.
1039 2978 1252 3017 Minervini
1281 2978 1496 3028 explicavit
1524 2978 1608 3015 Iovi
1639 2978 1909 3027 Fulyuratori‚
1951 2987 2038 3014 cum

276 3059 493 3098 cognomen
528 3047 591 3086 dei
629 3048 790 3097 Flaqiuz'
829 3047 1003 3085 eiusdem
1041 3047 1177 3096 stirpis
1214 3046 1269 3085 sit
1303 3053 1346 3083 ut
1381 3045 1613 3083 Latinorum
1649 3047 1841 3095 flaqra-re,
1875 3043 2036 3093 fulgere,

266 3115 418 3165 fulqur,
439 3116 590 3166 sulqor,
623 3115 868 3155 Graecorum
889 3109 1060 3165 φλέγειν,
1090 3107 1199 3167 φλόξ
1220 3112 1285 3164 (C.
1308 3114 1475 3164 Ausspr.
1497 3113 1558 3160 II,
1579 3114 1664 3151 154.
1685 3114 1741 3150 ed.
1765 3112 1823 3162 2).
1854 3111 2038 3160 Denique

276 3184 419 3222 stahim
447 3199 493 3216 =
535 3190 632 3222 stent
673 3183 944 3222 coniunctivus
988 3189 1050 3220 est
1092 3182 1268 3220 eiusdem
1311 3181 1468 3232 generis
1526 3194 1572 3219 ac
1601 3183 1693 3219 stait
1719 3196 1765 3213 =
1794 3186 1875 3226 stet,
1905 3179 2037 3224 ταάαἰι,

275 3252 438 3298 deivaid,
483 3264 507 3288 a
550 3254 661 3290 παίει
703 3268 752 3284 =
797 3257 893 3289 stent
937 3250 1057 3289 simili
1099 3249 1251 3287 ratione
1294 3250 1475 3287 diversus
1518 3254 1562 3286 ut
1603 3247 1746 3286 Latine
1789 3249 1918 3285 sima
1943 3247 2038 3284 siem

278 3318 344 3368 (G.
375 3319 543 3369 Ausspr.
575 3320 611 3365 I,
638 3319 728 3358 352.
751 3319 846 3357 728.
879 3320 935 3357 ed.
967 3319 1001 3357 2.
1060 3318 1208 3356 Ender.
1240 3318 1434 3355 Formenl.
1466 3319 1503 3355 d.
1537 3316 1629 3355 Osk.
1652 3315 1742 3365 Spr.
1767 3327 1810 3364 p.
1831 3313 1915 3363 32).
1946 3312 2035 3361 Quo

278 3387 398 3425 verbo
430 3387 527 3426 Osci
570 3392 733 3425 utuntur
774 3387 815 3425 in
858 3386 1117 3425 dedicationis
1158 3385 1353 3433 formulis,
1397 3390 1441 3422 ut
1481 3383 1624 3423 Umbri
1666 3382 1803 3420 eodem
1839 3381 1959 3419 verbo
1994 3379 2036 3417 in
