2222 3594
331 199 428 246 286
798 213 972 248 Anm'r.
1001 212 1069 246 AD
1093 213 1279 248 FAsros
1304 213 1443 248 cons.
1471 213 1632 247 CAPIT.
1736 201 1747 221 ⁴

386 327 592 366 Discimus
638 340 690 366 ex
732 329 807 367 hoc
847 328 1068 380 fragmento
1109 327 1321 368 Caesarem
1357 319 1592 368 dictaturam
1630 334 1809 380 quartam
1849 337 1941 368 ante
1978 330 2099 382 depo-

332 399 472 443 suisse,
503 408 622 446 quam
651 396 691 434 in
721 403 958 448 perpetuum
987 397 1156 436 dictator
1184 398 1307 436 fieret.
1359 397 1677 448 Distinguendae
1706 397 1829 448 igitur
1857 403 1949 436 sunt
1978 398 2101 436 dieta-

330 469 421 502 tura
448 469 592 514 quarta
614 464 784 515 dataque
804 465 846 503 in
866 473 1113 516 perpetuum,
1145 478 1245 516 quas
1265 478 1337 516 pro
1359 466 1497 504 eodem
1517 469 1753 517 magistratu
1772 465 1913 504 habuit
1931 466 2098 504 Momm-

332 543 451 571 senus
490 532 591 582 (vol.
613 532 634 569 I
662 546 701 583 p.
723 533 843 583 453).
905 533 994 582 Quo
1031 539 1207 584 tempore
1238 532 1389 572 Caesar
1425 535 1593 572 dictator
1626 539 1841 584 perpetuus
1877 533 2006 572 factus
2036 534 2100 582 sit,
2133 556 2142 565 ·
2200 525 2220 578 f

331 600 422 638 inde
451 600 711 652 intellegitur,
743 601 848 651 quod
877 601 919 639 in
948 602 1083 640 tabula
1111 602 1399 653 triumphorum
1429 615 1464 640 a.
1495 602 1531 639 d.
1554 601 1633 639 VII
1661 603 1701 640 k.
1727 601 1844 640 Febr.
1875 601 2101 652 appellatur

332 669 502 706 dictator
530 669 621 716 IIII,
651 668 956 719 Lupercalibus,
985 670 1027 707 id
1057 676 1118 708 est
1146 683 1181 708 a.
1213 670 1249 708 d.
1280 670 1359 708 XV
1387 671 1428 708 k.
1459 671 1590 717 Mart.,
1622 669 1814 708 Cicerone
1843 675 1944 708 teste
1974 669 2100 719 (Phil.

334 735 376 784 2,
400 736 476 787 34)
508 737 675 776 dictator
704 743 915 788 perpetuus
944 738 1030 776 fuit.
1088 739 1227 788 Itaque
1256 739 1359 776 inter
1387 739 1471 776 dies
1500 739 1585 776 Ian.
1608 737 1658 777 25
1690 743 1727 775 et
1757 737 1874 776 Febr.
1901 738 1948 776 15
1979 738 2099 776 dicta-

334 811 464 843 turam
494 811 725 856 perpetuam
757 807 945 855 suscepit,
975 813 1019 844 ut
1046 811 1151 844 recte
1181 809 1317 855 posuit
1345 806 1564 861 Eclzhelius
1596 806 1652 856 (d.
1673 819 1711 844 n.
1735 806 1758 844 6
1787 819 1827 857 p.
1852 805 1935 856 16),
1965 818 2103 857 quam—

335 886 453 924 quam
482 880 620 912 contra
649 874 803 913 dicente
834 874 1020 924 Zumptio
1052 873 1173 922 (stud.
1203 875 1318 912 Rom.
1349 886 1387 923 p.
1411 873 1528 924 288).
1589 873 1824 925 Suscepisse
1853 879 1982 912 autem
2012 887 2100 912 eum

333 942 568 980 dictaturam
600 943 676 980 sibi
705 942 876 980 delatam
907 954 987 980 non
1018 942 1170 989 statim,
1213 942 1284 980 sed
1312 948 1405 992 post
1432 942 1684 980 intervallum
1716 947 1880 992 apparet
1908 955 1959 980 ex
1988 955 2102 992 prae·-

334 1010 546 1060 scriptione
582 1010 729 1048 decreti
763 1011 880 1048 relati
916 1011 1021 1061 apud
1056 1010 1269 1061 Iosephum
1306 1010 1427 1060 antiq.
1463 1011 1530 1058 14,
1566 1010 1634 1058 10,
1666 1011 1710 1058 7,
1747 1022 1850 1060 quae
1885 1010 1983 1048 haec
2019 1014 2099 1048 est:

335 1074 518 1133 δικτάτωρ
548 1075 589 1115 73
619 1072 805 1133 Τέῖᾱξῖΐῦν,
834 1073 980 1117 ὕπατος
1002 1070 1041 1115 δὲ
1061 1075 1103 1115 TC:
1126 1076 1302 1123 πέμπτον,
1333 1072 1514 1133 δικτάτωρ
1536 1072 1850 1128 ἆπῦδεδειγμένος
1869 1074 1933 1115 διὰ
1952 1072 2057 1120 sst'ov.

393 1477 482 1516 Hac
513 1477 720 1516 occasione
751 1478 886 1516 oblata
913 1477 1175 1515 indicabimus
1204 1489 1412 1515 mensuras
1443 1489 1577 1514 eorum
1596 1476 1906 1526 fragmentorum
1924 1476 2105 1514 laterculi

335 1546 555 1584 eon⁴sularis
591 1552 628 1583 et
663 1547 936 1597 triumphalis,
973 1559 1073 1595 quae
1109 1551 1201 1595 post
1235 1546 1403 1595 primum
1444 1546 1628 1583 volumen
1657 1540 1804 1583 editum
1834 1546 2102 1590 innotuerunt,

335 1620 379 1652 ut
409 1614 475 1665 qui
506 1615 553 1651 de
584 1615 772 1661 aedificii,
810 1615 873 1652 cui
907 1615 1087 1652 laterculi
1118 1614 1157 1651 hi
1188 1614 1281 1652 olim
1310 1614 1425 1651 incisi
1455 1614 1632 1659 fuerunt,
1669 1613 1967 1652 condicionibus
1996 1625 2102 1650 men-

335 1683 517 1733 surisque
547 1689 640 1733 post
668 1696 732 1730 ea,
770 1695 873 1732 quae
902 1683 950 1719 de
981 1696 1028 1720 ea
1055 1696 1098 1720 re
1127 1695 1201 1720 nos
1234 1682 1407 1720 diximus
1437 1682 1457 1719 I
1489 1695 1525 1731 p.
1549 1682 1627 1718 417
1647 1693 1750 1731 seq.‚
1780 1680 1994 1732 aliquando
2024 1680 2101 1718 dis-

334 1752 542 1801 putabunt,
573 1751 712 1801 plenas
742 1752 879 1802 copias
910 1757 1070 1800 paratas
1102 1751 1284 1788 habeant.
1345 1749 1446 1788 Sunt
1475 1756 1603 1788 autem
1635 1750 1728 1788 hae:
1953 1753 1956 1758 '

1807 1794 1840 1817 Q·

332 1876 354 1914 Ι
383 1876 579 1914 fastorum
610 1875 879 1913 consularium
2213 1920 2215 1922 Ι

446 1969 480 1994 a.
505 1956 737 1994 613—618
771 1956 878 2005 (eph.
902 1955 939 2003 2,
962 1955 1059 2005 210)
1174 1955 1245 1993 lin.
1268 1955 1290 1993 8
1405 1955 1528 1992 altum
1559 1967 1609 1992 m.
1633 1954 1726 1992 0.13

445 2038 480 2062 a.
505 2024 736 2062 616-620
769 2024 877 2074 (eph.
903 2025 938 2071 1,
964 2023 1062 2073 154)
1175 2023 1245 2060 lin.
1268 2023 1289 2060 7
1407 2022 1528 2060 altum
1559 2036 1609 2060 m.
1632 2023 1721 2059 Ο.11
1838 2036 1842 2037 ’

446 2106 481 2131 a.
506 2093 597 2131 709.
631 2093 710 2130 710
742 2091 900 2142 (supra)
1173 2091 1242 2129 lin.
1265 2091 1291 2128 4
1404 2091 1527 2128 altum
1559 2104 1609 2128 m.
1631 2090 1725 2128 Ο.07

335 2218 378 2256 II
408 2217 600 2255 fastorum
631 2217 931 2267 triumphalium

447 2292 686 2348 principium
718 2297 825 2347 (eph.
851 2298 887 2343 1,
911 2296 1006 2346 157)
1179 2296 1248 2334 lin.
1273 2297 1294 2334 3
1409 2295 1529 2333 altum
1559 2307 1611 2332 m.
1633 2293 1729 2332 020

541 2365 657 2416 (pars
695 2365 843 2415 scripta
877 2378 956 2402 non
986 2368 1154 2414 occupat
1183 2364 1261 2402 nisi
1291 2376 1341 2401 m.
1365 2363 1481 2410 0.06,
1511 2376 1598 2400 cum
1629 2363 1838 2412 superiora
1865 2376 1916 2401 m.
1939 2363 2032 2402 0.03
2053 2371 2100 2405 -ί-

541 2447 591 2472 m.
615 2433 710 2471 0.04
730 2441 776 2474 4-
796 2446 846 2471 m.
870 2433 963 2471 Ο.07
996 2445 1180 2470 coronam
1212 2433 1535 2482 astragalumque
1566 2431 1771 2481 efficiant).

451 2516 487 2540 a.
510 2502 588 2539 453
622 2502 730 2552 (eph.
756 2503 790 2548 1,
816 2500 945 2551 158¹)
1179 2500 1246 2538 lin.
1270 2501 1292 2537 3
1407 2500 1530 2537 altum
1561 2513 1611 2537 m.
1633 2500 1726 2537 0.18

543 2570 662 2620 (pars
699 2570 847 2620 scripta
881 2582 960 2607 non
991 2576 1157 2619 occupat
1185 2569 1262 2606 nisi
1291 2582 1342 2606 m.
1365 2568 1478 2615 0.06,
1516 2581 1603 2606 cum
1634 2567 1840 2618 superiora
1868 2580 1917 2604 m.
1940 2568 2035 2606 0.04
2054 2576 2101 2610 -1-

543 2638 637 2676 0.Οὸ
678 2627 921 2687 occupentur
958 2637 1159 2686 astragalo
1201 2641 1239 2674 et
1277 2639 1407 2686 spatio
1445 2634 1571 2674 vacuo
1608 2636 1842 2673 intermedio
1877 2635 1979 2674 inter
2015 2628 2104 2674 eum

544 2714 582 2743 et
612 2706 879 2756 scripturam).
1767 2742 1771 2747 .

451 2788 486 2813 a.
510 2775 740 2814 559—563
774 2775 880 2824 (eph.
907 2774 941 2821 1,
967 2772 1061 2822 158)
1174 2773 1243 2810 lin.
1268 2773 1314 2809 11
1409 2772 1530 2810 altum
1561 2785 1612 2810 m.
1634 2771 1741 2810 026.

442 2930 475 2973 ¹)
513 2931 754 2973 Fragmentum
777 2930 833 2962 11³
871 2928 974 2960 hodie
1007 2932 1065 2960 aut
1094 2927 1177 2959 latet
1210 2931 1269 2959 aut
1300 2927 1418 2969 periit3
1453 2937 1629 2959 mensurae
1661 2936 1747 2969 quae
1780 2926 1903 2958 dantur
1933 2926 2104 2968 pertinent

339 2992 384 3024 ad
408 2988 483 3024 IIb.

1719 3059 1769 3098 G.
1799 3060 1990 3098 ΗΕΝΖΕΝ.
