2222 3594
375 284 471 330 442
963 295 1329 329 ADDITAMENTA
1353 296 1464 329 VOL.
1491 296 1550 328 111

742 521 897 558 Balnea
925 521 1101 558 Romana
1128 533 1249 570 prope
1284 520 1408 569 Ticffer
1436 519 1494 570 (p.
1518 519 1609 558 630.
1645 519 1782 570 1048).

376 612 470 651 972
502 626 572 651 ara
598 626 680 663 rep.
712 612 940 650 Rfimerbad
969 612 1004 649 T
1010 610 1118 649 iiffer.

1164 701 1419 730 NYMPHIS

1130 771 1267 798 AVG·
1303 771 1422 798 SACR

1095 838 1420 866 APPVLEIVS

1199 907 1349 933 FINITI

1059 979 1073 1002 5
1130 976 1158 1002 V
1187 984 1194 992 ·
1225 975 1244 1002 S
1272 985 1279 992 ·
1309 976 1330 1001 L
1357 976 1423 1002 ’Μ

376 1060 537 1098 Pichler
567 1058 714 1097 Grazer
743 1058 902 1107 Zeitzmy
936 1057 1041 1095 1874
1072 1057 1155 1095 Ian.
1190 1058 1225 1094 7.

759 1314 952 1354 MVNIG.
1013 1314 1305 1354 CLAVDIVM
1336 1296 1539 1353 GELE1A
1570 1313 1626 1364 (p.
1650 1313 1761 1364 631).

377 1408 471 1448 973
502 1409 553 1446 ad
589 1422 626 1446 n.
657 1407 776 1447 5210.
846 1406 1036 1446 Servatur
1071 1406 1224 1446 Gratzii
1260 1408 1300 1444 in
1339 1407 1560 1453 Iohanne03
1599 1406 1728 1444 denuo
1765 1405 1890 1444 edidit
1923 1405 2034 1461 ligno
2071 1418 2124 1448 e

432 1489 666 1527 pressam
646 1477 698 1515 N.
735 1476 858 1514 Kohn
895 1476 1024 1513 Mitth.
1070 1477 1137 1513 der
1175 1475 1563 1514 Centralcommissz'on
1607 1469 1955 1525 Supplementband
1995 1460 2147 1526 (187

432 1558 470 1595 p.
493 1545 559 1591 47,
590 1551 760 1583 testatus
798 1544 981 1582 tabellam
1018 1556 1106 1582 esse
1143 1556 1401 1581 marmoream
1437 1555 1612 1581 crassam
1641 1555 1692 1581 m.
1723 1542 1865 1590 0.,015
1900 1542 2024 1581 latam
2055 1541 2140 1580 ns

434 1682 606 1720 dubitari
636 1642 807 1731 nequeat
835 1693 962 1730 neque
992 1681 1123 1718 littera
1143 1686 1236 1730 post
1259 1692 1350 1717 eam
1381 1680 1521 1718 deesse
1541 1666 1733 1718 videatur.
1791 1678 2072 1729 Interpretatio
2100 1680 2143 1715 -2
2165 1719 2167 1721 v

432 1763 479 1789 eo
509 1750 717 1801 proposita
739 1751 827 1798 fato
847 1749 895 1786 P.
922 1750 1050 1788 Victor
1079 1762 1168 1787 cum
1190 1748 1348 1786 defendi
1377 1761 1455 1786 non
1485 1751 1614 1797 possit
1642 1747 1753 1798 (nam
1782 1748 1824 1786 in
1854 1744 1979 1786 sacris
1999 1752 2044 1784 ut.
2062 1743 2131 1787 f

431 1818 537 1857 fatae
575 1819 675 1865 fata,
710 1821 768 1856 ita
802 1817 925 1855 fatum
963 1830 1042 1855 non
1079 1820 1272 1868 reperitur
1306 1829 1378 1854 nec
1413 1817 1540 1866 magis
1578 1817 1671 1854 ferri
1707 1821 1838 1866 potest
1871 1815 1913 1852 in
1946 1803 2122 1863 eiusmst
2114 1782 2146 1827 [3

432 1887 549 1925 titulo
587 1887 829 1936 gentilicium
867 1885 1098 1935 omissum),
1137 1885 1264 1923 adhuc
1300 1884 1532 1922 crediderim
1560 1884 1683 1922 fuisse
1712 1883 1753 1921 in
1782 1883 1946 1922 tessella
1973 1881 2023 1920 ab
2061 1873 2149 1939 ³1¹1·—

433 1955 631 1993 similibus
662 1955 891 1992 continuata
930 1954 1040 2004 (ipsa
1069 1954 1172 1991 enim
1202 1954 1357 2003 integra
1387 1952 1466 2003 est)
1497 1962 1655 1990 v1CT0R
1684 1937 2147 2009 τκινΜεΑτοκυοι-ιχῂῨ
2196 1968 2199 1971 ·

433 2028 518 2061 tum
549 2035 573 2060 a
601 2023 868 2072 quadratario.

2080 2092 2082 2095 ·
2100 2090 2135 2111 ’ᾗ

378 2163 476 2202 974
506 2163 563 2210 ad,
585 2176 622 2200 n.
647 2162 766 2200 5223.
825 2163 937 2201 Vidit
959 2162 1126 2213 Seguier
1157 2160 1680 2210 (cod.Par1s.Lat.16929
1711 2173 1748 2211 p.
1772 2159 1850 2199 825
1881 2159 1964 2210 bis)
1994 2165 2035 2198 et
2053 2135 2140 2203 Γ

432 2232 576 2269 tionem
614 2230 870 2268 Duellianam
901 2232 940 2268 in
971 2231 1033 2269 his
1064 2230 1304 2268 emendavit.
1367 2231 1384 2267 1
1427 2240 1572 2267 GAV1AE
1600 2251 1653 2257 —-
1683 2229 1706 2267 5
1737 2238 2085 2274 SPECVLATORVM

436 2299 472 2337 6.
507 2299 528 2335 7
560 2310 618 2336 FIL
637 2327 785 2337 ......
788 2309 1144 2337 'INDVLGENTISSIM
1162 2327 1282 2336 .....
1301 2309 1509 2336 FECERVNT

1053 2566 1243 2615 Marbury
1273 2565 1330 2616 (p.
1354 2565 1464 2615 648).

379 2657 471 2696 975
503 2659 553 2696 ad
582 2671 620 2695 n.
643 2658 763 2697 5314.
821 2658 914 2696 Non
951 2662 1057 2695 recte
1097 2658 1300 2696 dubitasse
1337 2663 1399 2694 me
1435 2657 1482 2694 de
1519 2657 1690 2694 lectione
1725 2655 1831 2694 tituli
1859 2655 2027 2695 dedicati
2053 2650 2145 2700 N
2123 2703 2129 2709 Ἰ-

434 2728 522 2764 trici
547 2725 744 2775 Augustae
779 2726 997 2764 docuerunt
1025 2739 1087 2763 me
1122 2726 1227 2763 tituli
1254 2725 1434 2763 Africani
1464 2732 1544 2763 tres
1573 2725 1717 2775 reperti
1745 2725 1788 2762 in
1818 2723 1904 2761 vico
1925 2724 2021 2761 Ain-

433 2794 512 2832 Bu-
516 2794 642 2845 Tellis
678 2795 780 2832 inter
810 2793 960 2832 Cirtam
990 2800 1027 2832 et
1058 2793 1199 2832 Sitifim
1238 2794 1301 2831 siti
1337 2805 1462 2842 nuper
1491 2793 1681 2842 recogniti
1716 2793 1765 2830 ab
1796 2791 1971 2829 Antonio
1999 2790 2040 2829 H

435 2863 483 2899 de
519 2861 736 2900 Villefosse
774 2862 957 2911 (rapport
990 2874 1058 2899 sur
1092 2875 1164 2899 wne
1198 2864 1351 2899 mzssion
1388 2861 1673 2909 arche'oloqique
1707 2873 1751 2897 en
1780 2859 1937 2909 Alyerie
1970 2856 2099 2925 ΡατἛξζ
2109 2850 2117 2857 ⁹

437 2929 541 2967 1874
571 2943 609 2979 p.
633 2930 684 2967 60
701 2942 781 2980 seq.
786 2930 816 2979 )‚
848 2942 1018 2978 quorum
1048 2941 1148 2967 unus
1178 2930 1315 2979 templi
1346 2935 1404 2966 est
1418 2927 1600 2966 dedicati
1629 2927 1783 2966 Nutrici
1809 2926 1910 2976 Auq.
1901 2955 1931 2973 .,
1965 2926 2083 2965 duo

433 2997 614 3034 victimas
649 3004 881 3036 enumerant
916 2998 1143 3035 numinibus
1181 2997 1415 3047 quibusdam
1454 3010 1478 3033 a
1513 2995 1783 3033 sacerdotibus
1813 2993 1975 3034 Saturni
2008 2998 2033 3045 p
2092 2981 2094 2983 ‚

435 3065 684 3114 secundoque
715 3066 882 3112 oblatas,
922 3066 1072 3103 scilicet
1101 3078 1240 3114 agnum
1270 3066 1416 3103 domino
1446 3063 1638 3112 (Saturno
1673 3063 1856 3112 scilicet),
1892 3069 2043 3100 taurum

433 3135 545 3179 mino,
582 3134 766 3171 oviculam
800 3134 962 3179 Telluri,
994 3134 1176 3171 berbecem
1205 3134 1307 3179 Iovi,
1339 3132 1521 3169 oviculam
1551 3132 1723 3177 Nutrici,
1760 3143 1935 3180 caponem
1961 3129 2047 3168 Her

433 3201 541 3238 edum
571 3201 778 3247 Mercurio,
808 3214 946 3250 aquam
975 3201 1123 3239 Veneri.
1183 3199 1283 3238 Cum
1304 3200 1441 3237 Tellus
1474 3206 1512 3236 et
1537 3199 1685 3237 Nutrix
1714 3204 1752 3237 et
1780 3199 1911 3250 locum
1939 3197 2040 3235 alter

436 3271 545 3313 (nam
574 3269 615 3306 in
645 3269 770 3307 altero
801 3269 916 3306 titulo
945 3269 1015 3306 illa
1043 3270 1181 3318 quinta
1209 3274 1286 3316 est,
1322 3269 1420 3305 haec
1446 3267 1579 3316 tertia)
1619 3271 1658 3305 et
1692 3266 1840 3317 pariter
1874 3264 2031 3304 ovicula

434 3339 643 3383 norentur,
687 3350 776 3374 cum
805 3337 1042 3375 Villefossio
1086 3336 1298 3374 iudicanda
1339 3341 1400 3374 est
1435 3334 1583 3373 Nutrix
1619 3336 1801 3384 Augusta
1842 3332 1893 3371 ad
1928 3331 2048 3371 Tellu

435 3416 558 3453 prope
588 3404 785 3442 accedere.
