2222 3594
379 231 474 277 100
722 238 725 241 ’
1185 242 1325 277 ROSSI

377 360 511 399 dotum
532 360 716 398 dextrum
745 359 852 398 latus
881 365 1047 410 occupet
1075 359 1282 398 columnae
1311 371 1504 398 annorum
1531 360 1678 397 saeculi
1699 359 1814 405 sexti,
1842 359 2037 398 fastorum
2065 371 2136 410 pem·
2156 346 2189 410 Ῑρ

375 429 548 478 parietes
579 427 689 466 aedis
718 427 828 466 Iovis
856 427 1008 466 latiaris
1037 427 1283 475 distributio,
1321 427 1355 465 si
1387 427 1545 478 quando
1575 440 1622 465 ea
1651 427 1766 466 nobis
1795 427 2034 475 innotescet,
2070 421 2186 475 ‹le-2}

376 496 553 534 clarabit.
1942 534 1948 547 ,
2177 486 2179 488 ’

488 563 594 604 Nam
623 564 955 614 quemadmodum
985 564 1222 616 capitolinos
1252 564 1310 602 sic
1347 567 1385 602 et
1413 563 1547 602 albani
1575 563 1720 602 montis
1750 563 1877 602 fastos
1906 560 2203 618 marmoreis

377 645 457 671 non
486 633 634 688 tabulis
665 632 735 670 sed
764 633 984 683 lapidibus,
1020 633 1163 683 quibus
1201 637 1429 671 constructa
1457 632 1575 670 aedes
1603 637 1707 679 erat,
1743 636 1898 670 veteres
1927 632 2187 682 inscripse-‘²

376 705 478 739 runt.
535 700 743 750 Reliquiae
773 691 899 751 nuper
927 706 1107 751 repertae
1136 701 1252 740 valde
1283 702 1451 751 exiguae
1480 706 1592 747 sunt,
1623 712 1644 737 e
1669 711 1836 750 magnae
1863 704 1996 739 tamen
2023 701 2138 754 molis

379 769 490 807 saxis
520 768 735 806 diffractae.
793 769 872 807 Illa
900 782 993 808 vero
1030 769 1233 807 fastorum=
1259 781 1371 820 pars,
1410 781 1511 818 quae
1547 768 1750 819 superiore
1778 768 1939 823 saeculo
1965 768 2007 807 in
2025 768 2139 808 Vati-
2169 779 2180 803 κ

379 850 520 875 canum
550 837 676 884 venit,
706 837 834 876 incisa
861 843 947 875 erat
976 837 1179 888 quadratis
1208 837 1425 888 lapidibus,
1455 849 1623 886 quorum
1653 841 1879 875 accuratam
1907 836 2137 877 delineatio·
2160 823 2189 874 >:

379 918 470 943 nem
507 918 627 943 manu
662 905 823 944 Marinii
859 906 942 945 vidi
984 906 1026 943 in
1060 905 1194 944 codice
1230 905 1412 944 vaticano
1449 904 1555 943 9127
1590 917 1629 955 p.
1658 904 1722 943 30.
1779 904 1958 943 Alterius
1995 904 2139 956 lapidis
2167 901 2191 951 {J

378 973 479 1012 duae
507 974 630 1012 facies
661 974 719 1012 sic
748 980 862 1012 erant
889 974 1124 1025 inscriptae:
2177 962 2180 970 ¹

386 1859 564 1897 Alterius
608 1870 688 1895 una
728 1862 880 1895 tantum
923 1857 1046 1895 facies
1090 1869 1214 1895 annos
1259 1857 1470 1896 exhibebat
1511 1859 1882 1907 aetatis-incertae3
1925 1859 1966 1897 in
2002 1847 2166 1901 aversos

385 1927 487 1965 facie
517 1938 665 1964 corona
694 1924 878 1975 (cornice)
908 1930 993 1963 erat
1021 1923 1232 1975 insculpta.
1276 1925 1326 1963 Id
1336 1926 1515 1965 fortasse
1535 1926 1679 1965 indicio
1700 1933 1760 1966 est
1777 1927 1906 1966 fastos
1932 1941 2005 1978 per
2023 1935 2172 1974 totam-

385 1995 522 2045 templi
555 1992 684 2032 basim
721 1995 887 2043 eiusque
922 1999 1197 2043 procurrentes
1231 1999 1345 2051 antas
1382 1994 1505 2033 fuisse
1541 1995 1776 2045 dispositos;
1813 1984 2171 2051 quemadmodum}⁴

386 2069 425 2101 et
453 2063 500 2100 de
530 2062 755 2112 capitolinis
785 2061 933 2112 templo
955 2060 1166 2100 Castorum
1197 2045 1451 2101 restituendis
1471 2062 1709 2113 Rodulphus
1728 2062 1922 2102 Lanciani
1951 2064 2169 2106 coniectw

384 2144 469 2170 ram
498 2143 624 2182 nuper
647 2130 857 2180 proposuit
887 2141 982 2168 sane
1011 2130 1259 2181 probabilem
1290 2130 1416 2180 (Ball.
1439 2131 1527 2168 dell’
1549 2130 1618 2169 Ist.
1644 2130 1744 2169 1871
1769 2144 1808 2181 p.
1830 2130 1942 2182 266).
1988 2131 2070 2172 Sed
2097 2132 2166 2178 do,

384 2200 493 2238 Iovis
537 2198 691 2236 latiaris
735 2197 832 2235 aede
868 2198 1031 2248 eiusque
1074 2198 1205 2236 forma
1238 2199 1310 2236 vix
1354 2199 1564 2249 quicquam
1608 2198 1756 2237 scimus
1800 2198 1915 2249 (vide
1949 2187 2162 2250 Piranesig'*

386 2267 585 2306 Antiomta
610 2267 650 2304 di
670 2265 823 2304 Albano
852 2266 933 2304 tab.
953 2265 1028 2315 Π).
1072 2266 1121 2303 In
1150 2251 1426 2305 barberiniano
1455 2267 1591 2305 codiee
1610 2267 1769 2314 xxix,
1792 2267 1870 2306 215
1901 2266 2170 2320 diagramma„

386 2335 468 2374 vidi
496 2341 673 2373 veterum
701 2334 925 2379 ruinarum,
964 2346 1064 2384 quae
1103 2335 1144 2372 in
1174 2347 1327 2373 summo
1357 2339 1489 2373 monte
1517 2334 1661 2373 albano
1691 2335 1847 2374 saeculo
1875 2335 1998 2374 XVII
2025 2318 2170 2389 811111·αὲ

387 2408 532 2442 terram
562 2402 798 2441 eminebant.
843 2401 987 2440 Totius
1018 2402 1168 2453 templi,
1197 2403 1239 2440 id
1259 2408 1321 2441 est
1348 2415 1464 2441 areae
1484 2407 1746 2451 consecratae,
1777 2409 1958 2454 saeptum
1986 2409 2026 2443 et
2053 2405 2128 2444 sub
2147 2400 2171 2443 ‘f

388 2470 641 2510 structionem
671 2470 802 2520 lapide
823 2471 1016 2520 quadrato
1040 2471 1283 2521 diagramma
1312 2471 1490 2517 exhibet;
1520 2472 1624 2508 intra
1648 2484 1779 2509 aream
1800 2472 1924 2511 cellae
1943 2472 2159 2518 absidame

387 2539 569 2589 vestigia.
614 2537 692 2577 Sed
722 2539 907 2588 quoniam
937 2538 1069 2588 plures
1100 2552 1146 2576 eo
1167 2538 1255 2577 loco
1285 2539 1409 2577 cellae
1439 2545 1478 2577 et
1505 2539 1684 2578 latericia
1713 2540 1892 2579 aedificia
1913 2540 2117 2580 *extiterun

389 2608 437 2645 de
464 2608 555 2657 ipsa
583 2606 678 2645 aede
707 2606 815 2643 Iovis
845 2606 995 2645 latiaris
1025 2607 1124 2644 nihil
1151 2607 1243 2644 inde
1273 2607 1473 2645 discimus.
2013 2594 2019 2600 ¹

499 2674 616 2713 Nunc
645 2687 723 2724 quo
753 2674 921 2724 primum
951 2678 1128 2724 tempore
1157 2675 1368 2713 latinarum
1398 2675 1493 2713 fasti
1521 2675 1584 2712 his
1604 2675 1803 2725 lapidibus
1834 2676 1915 2714 sint
1936 2676 2067 2723 incisi,
2096 2667 2160 2720 as

389 2755 505 2793 quem
535 2755 682 2781 annum
711 2742 942 2789 continuati,
977 2747 1101 2780 restat
1128 2743 1407 2792 quaerendum.
1457 2743 1632 2789 Interna‚
1662 2755 1765 2792 quae
1795 2744 1975 2790 dicimus,
2003 2738 2186 2799 indicis-{⁵
2215 2732 2217 2734 ,

390 2811 556 2850 suadere
591 2811 688 2849 mihi
716 2811 899 2849 videntur
925 2810 1188 2861 fragmentum
1227 2823 1419 2848 annorum
1451 2809 1667 2848 727—732
1697 2823 1744 2848 eo
1774 2811 1882 2860 ipso,
1920 2811 2032 2850 cuius
2068 2823 2163 2849 me-

389 2879 556 2917 moriam
584 2879 728 2926 refert,
766 2883 943 2929 tempore
973 2890 1061 2916 esse
1091 2884 1310 2917 exaratum.
1367 2878 1472 2917 Nam
1501 2884 1657 2929 praeter
1685 2879 1847 2917 nomina
1874 2879 2082 2917 consulum
2119 2872 2155 2922 s
2219 2922 2221 2924 ,

390 2948 601 2986 latinarum
639 2947 742 2985 diem
777 2946 944 2997 singulis
982 2946 1035 2984 ibi
1071 2947 1185 2984 annis
1220 2946 1447 2994 adnotatur,
1486 2953 1614 2984 utrum
1651 2946 1744 2995 imp.
1777 2945 1926 2985 Caesar
1959 2955 2115 2997 praese·
2135 2951 2165 2995 ς·

390 3029 515 3054 necne
542 3016 584 3054 in
614 3021 747 3054 monte
775 3015 895 3053 fuerit
924 3020 963 3052 et
990 3026 1069 3064 qua
1099 3014 1147 3052 de
1176 3027 1299 3054 causa
1327 3014 1512 3053 abfuerit:
1543 3015 1641 3064 Imp.
1668 3012 1813 3052 Caesar
1839 3015 2055 3053 valetudine
2081 3000 2182 3052 ι’ᾖὲῐ

386 3085 538 3132 peditus
559 3085 641 3133 fuit
658 3105 713 3110 ——
731 3086 772 3121 in
791 3083 990 3132 Hispania
1009 3084 1092 3132 fuit
1109 3104 1162 3110 —
1182 3085 1222 3120 in
1247 3089 1367 3121 monte
1386 3084 1468 3132 suit
1496 3080 1716 3132 (Cardinali
1743 3083 1786 3120 in
1806 3082 1894 3121 Atti
1916 3082 2019 3120 della
2042 3083 2161 3135 ponz.
2207 3129 2211 3132 -

392 3152 520 3189 accad.
547 3152 587 3189 ἀι·
616 3152 722 3190 arch.
754 3151 810 3199 II,
842 3150 956 3200 271).
1006 3149 1122 3199 Quod
1151 3151 1185 3189 si
1214 3150 1323 3188 dicas
1352 3151 1394 3188 id
1422 3151 1563 3189 horum
1592 3151 1784 3189 fastorum
1811 3150 1899 3201 lege
1926 3150 2013 3188 fieri
2041 3161 2096 3187 οι·
2117 3140 2161 3203 ’³³5⁷

391 3224 569 3268 tempore
599 3219 796 3266 debuisse,
832 3218 995 3256 alterius
1025 3219 1089 3256 vel
1118 3219 1325 3269 utriusque
1354 3219 1528 3257 consulis
1556 3219 1775 3257 absentiam
1805 3218 1846 3256 in
1876 3214 2148 3268 superionib,J

392 3298 547 3336 quoque
568 3287 716 3326 tabulis
738 3299 827 3326 esse
848 3287 1075 3325 adnotatam
1096 3287 1215 3325 facile
1235 3287 1449 3326 concedam
1471 3286 1646 3336 (tametsi
1665 3286 1763 3324 nihil
1782 3298 1828 3325 ea
1844 3285 1892 3324 de
1907 3298 1950 3324 re
1970 3285 2114 3324 scimus
2132 3287 2159 3335 4ξ
2199 3334 2201 3336 ¹

392 3355 656 3405 praesentiam
688 3356 923 3409 superstites
953 3355 1158 3394 columnae
1187 3360 1344 3406 negant.
1402 3354 1465 3393 Ea
1491 3355 1613 3406 igitur
1643 3353 1855 3405 singularis
1892 3364 2055 3404 prorsus
2089 3341 2161 3383 1²²
