2222 3594
337 2201 339 2203 -
381 2178 481 2216 adde
648 2179 751 2218 colle
782 2179 990 2229 Quirinale
1019 2181 1107 2219 Iun.
1138 2180 1176 2218 5.
1197 2181 1221 2219 8
1253 2181 1355 2230 Auq.
1388 2180 1411 2218 9

391 277 489 324 218
1104 286 1474 331 Anm'rAMENTA

392 406 490 445 adde

497 477 539 513 in
568 488 641 515 uos
670 485 830 527 quartae

658 553 845 586 senatuos
869 547 947 587 196
977 560 994 586 9
1023 561 1056 587 17
1085 560 1119 587 21
1149 559 1183 587 24

498 613 539 649 in
567 611 581 650 i
609 620 771 662 quartae

389 678 471 716 dele
554 679 557 683 ’
651 683 876 733 magistrati
904 684 998 723 Dec.
1026 685 1106 732 313
1137 691 1198 723 est
1226 685 1331 723 enim
1359 697 1455 723 noni.
1480 685 1587 735 plur.
1618 684 1635 731 (
1633 687 1734 736 fasti
1761 683 1958 724 Philocali
1980 697 2023 735 p.
2034 656 2171 757 356).'{

711 752 863 789 dativus
893 753 1110 802 sinyularis

497 818 538 853 in
557 816 592 854 >a.

389 883 487 921 adde
654 885 834 939 Lpucina
865 888 941 926 171

655 954 809 992 Marica.
841 955 918 994 175
1349 935 1369 959 ⁰

498 1022 539 1058 in
568 1024 606 1059 ai

386 1076 486 1125 adde
654 1090 826 1129 familiai
858 1091 935 1130 166

384 1161 542 1194 ceterum
591 1156 761 1197 Helenai
791 1165 827 1197 et
852 1158 1012 1198 Hilarai
1039 1171 1212 1198 numeros
1240 1166 1476 1198 mutaverunt
1482 1174 1499 1206 ,·
1527 1167 1583 1199 est
1609 1162 1706 1198 enim

657 1226 830 1265 Helenai
863 1227 966 1266 1093

657 1294 814 1333 Hilarai
847 1294 952 1333 1302

499 1363 591 1399 ine

384 1429 482 1466 adde
649 1430 826 1470 Fortune
858 1431 909 1470 64

498 1500 539 1535 in
569 1511 591 1536 e
658 1503 789 1538 tertiae

383 1566 484 1603 adde
643 1568 801 1606 Maurte
832 1568 882 1605 63

383 1634 465 1671 dele
646 1634 749 1674 Fide
782 1636 859 1674 170

496 1703 537 1740 in
566 1702 602 1740 ei
1691 1731 1695 1734 »
2123 1756 2138 1760 ,.

382 1770 482 1807 adde
544 1800 549 1805 ,
657 1771 803 1810 salutei
833 1772 911 1811 587
943 1771 1051 1822 (nam
1079 1772 1172 1811 solet
1194 1785 1270 1822 pro
1299 1772 1426 1810 dativo
1457 1772 1610 1818 haberi;
1634 1774 1752 1822 posui
1778 1773 1847 1811 sul>
1875 1771 2061 1828 ablativo)

492 1841 532 1876 in
561 1842 574 1876 i
657 1839 741 1889 (ubi
767 1853 842 1879 non
871 1853 915 1879 ea
944 1847 1086 1879 tantum
1109 1843 1237 1890 posui,
1267 1853 1364 1890 quae
1393 1841 1440 1878 ab
1474 1853 1549 1879 usu
1577 1842 1662 1878 aevi
1675 1840 1842 1891 Auqmti
1863 1841 2058 1890 recedunt,

652 1910 764 1946 etiam
797 1922 869 1947 usu
905 1916 1056 1959 recepta
1085 1910 1284 1959 quaedam,
1321 1915 1363 1947 ut
1390 1911 1600 1947 testimonia
1637 1911 1716 1948 eiua
1744 1920 1836 1947 usus
1863 1911 2023 1960 antiqua
2053 1921 2088 1948 ο
2106 1914 2150 1967 ’,ι’

647 1976 844 2027 ponerem)

380 2042 462 2080 dele
644 2044 863 2082 continenti
893 2043 986 2092 206,
1016 2057 1067 2092 5e;
1097 2044 1228 2083 melius
1259 2046 1354 2083 enim
1383 2046 1480 2083 inter
1507 2044 1692 2083 adverbia
1715 2051 1881 2096 ponetur
1948 2072 1952 2073 3

491 2111 532 2148 in
561 2123 583 2148 e
640 2112 906 2150 vocabulorum
933 2115 974 2151 in
1002 2116 1038 2151 is

652 2260 786 2286 mense
816 2248 986 2287 Flusare
1014 2248 1110 2295 603,
1130 2259 1159 2295 2,

706 2319 957 2356 nominativus
981 2317 1154 2367 pluralis

491 2385 532 2420 in
562 2383 620 2422 eis

380 2450 481 2488 adde
649 2452 731 2490 eeis
765 2452 856 2499 196,
885 2464 903 2490 4

649 2520 811 2558 libereis
844 2520 937 2568 200,
967 2533 1000 2559 75

648 2588 832 2638 populeis
863 2579 964 2637 200,
997 2602 1030 2627 75
1061 2589 1241 2640 (utraque
1260 2590 1391 2639 forma
1417 2588 1522 2638 falso
1553 2589 1680 2627 dativo
1707 2589 1749 2626 in
1777 2587 1834 2626 eis
1854 2587 2051 2638 adscripta
2098 2575 2116 2586 33

381 2657 526 2704 corriye
651 2655 725 2694 ieis
757 2656 850 2702 577,
881 2668 910 2703 3,
941 2668 974 2694 12
1004 2656 1104 2706 (non
1133 2669 1162 2704 3,
1192 2657 1226 2707 2)

489 2735 530 2760 in
558 2734 593 2760 1s
1706 2749 1724 2758 ,

379 2793 525 2840 corriye
654 2791 774 2830 Aulis
803 2791 945 2830 Vibbis
980 2792 1081 2830 1541
1115 2792 1136 2831 b
1167 2792 1260 2841 (non
1289 2792 1329 2842 o)

650 2859 729 2897 filis
763 2859 866 2897 1511
900 2861 921 2897 b
952 2859 1045 2909 (non
1075 2859 1117 2910 a)

379 2926 461 2965 dele
642 2927 678 2964 is
711 2926 802 2974 196,
833 2939 867 2964 17
898 2927 972 2976 (est
1001 2930 1096 2966 enim
1124 2931 1263 2967 nomin.
1294 2928 1413 2979 sinq.)

378 2995 480 3031 adde
647 2994 821 3032 Veituris
855 2994 947 3043 199,
967 3006 1002 3034 25

378 3074 417 3111 p.
452 3061 531 3101 605

433 3133 687 3168 accusativum
732 3144 807 3182 pro
857 3131 1025 3170 ablativo
1056 3135 1243 3182 positum,
1292 3145 1366 3170 non
1402 3145 1441 3169 m
1471 3131 1627 3182 finalem
1677 3137 1820 3170 tantum
1853 3127 2046 3169 scribendo

649 3199 821 3237 additam
848 3206 915 3238 aut
944 3202 1133 3246 omissam,
1163 3206 1205 3238 ut
1222 3201 1309 3249 sere
1337 3202 1466 3246 statui,
1496 3187 1695 3237 observare
1724 3198 1811 3237 licet
1842 3200 1883 3236 in
1912 3198 2030 3236 hisoe-

489 3266 754 3304 fenestram
785 3267 1066 3317 parietem)
1097 3268 1295 3318 opstruito
1325 3268 1419 3314 577,
1448 3278 1477 3314 2,
1507 3279 1541 3304 15

489 3340 716 3383 quantam
745 3336 1003 3384 pecuniam
1034 3336 1232 3386 (quaeque
1260 3336 1327 3374 via
1354 3335 1486 3373 locata
1514 3334 1606 3384 erit)
1637 3333 1731 3383 206,
1759 3345 1795 3372 48

650 3401 800 3451 (contra
829 3408 992 3453 quamta
1011 3403 1187 3453 pequnia
1213 3404 1406 3442 locaverit
1425 3403 1477 3453 37)
