2222 3594
645 266 749 325 mx
772 291 882 326 cor..
909 292 1213 327 GENETIVAE.
1224 270 1285 285 ”
1351 273 1354 275 ’
1721 283 1814 329 121

16 399 239 452 fletuum
274 406 434 444 tabulae
469 405 598 456 prima
631 412 671 445 et
705 408 881 446 secunda
915 408 1162 458 quadratarii
1195 409 1386 448 incuriam
1416 410 1574 460 quidem
1602 422 1818 462 perpessae

27 484 50 522 ῃ
71 496 85 502 ,‚
110 493 126 506 a
174 466 507 524 inveniun'turque
541 473 644 513 adeo
678 474 874 514 formulae
902 476 1096 526 quaedam
1124 489 1196 527 per
1224 477 1448 516 universam
1476 478 1604 529 legem
1635 479 1818 518 similiter

29 534 99 576 ³²&
151 545 272 592 μευ.
313 541 379 582 Ita
403 542 616 581 notissima
642 542 713 581 illa
739 555 842 593 quae
870 550 933 582 est
955 547 1141 594 pecuniae
1169 547 1255 594 quei
1282 545 1381 584 volet
1400 549 1532 596 petitio
1562 554 1637 586 esto
1667 548 1817 586 omisso

28 607 85 703 a:
135 608 300 659 amiqua
333 609 619 649 consuetudine
652 611 888 662 pronomine
923 612 1235 651 demonstrativo
1248 612 1287 662 ¹)
1321 613 1364 651 in
1398 614 1475 652 hac
1508 615 1597 666 lege
1623 622 1816 666 perpetuo

96 675 300 715 affertur
324 679 508 728 pecuniae
535 680 597 716 cui
624 678 723 717 volet
741 682 874 729 petitio
904 686 994 727 esto,
1023 680 1131 730 quod
1158 680 1302 719 Latine
1331 681 1409 720 dici
1439 695 1518 720 non
1547 688 1691 734 potest.
1740 682 1817 721 Pa·

55 736 59 739 ’
96 762 127 777 ⁷2⁴
173 744 339 795 antiqua
364 745 512 784 locutio
539 749 574 784 is
602 749 691 785 cuia
718 759 780 786 res
810 754 865 785 est
892 748 1092 786 invenitur
1119 754 1307 800 corrupta
1331 749 1608 800 2‚16,sen·ae
1627 751 1816 789 amicales

87 811 200 861 (2,
220 811 286 852 23.
308 812 379 863 34)
409 819 582 853 mutatae
611 815 651 852 in
680 815 871 854 dedicatos
899 817 1035 855 nescio
1064 828 1185 866 quas:
1216 823 1257 855 et
1284 817 1379 855 alibi
1408 830 1581 868 quoque,
1615 825 1660 857 ut
1687 820 1727 864 4,
1747 818 1816 866 20,

23 833 73 930 ξ’ὲ
120 879 243 919 modi
276 880 470 920 formulas
499 881 716 920 tralaticias
746 884 918 934 scriptor
945 895 1026 922 non
1054 885 1275 923 intellectas
1306 898 1468 936 pessum
1498 886 1618 925 dedit.
1675 886 1816 925 Nihilo

65 1081 118 1122 bi
148 1083 351 1123 enuntiata
379 1093 615 1135 separantur
642 1086 859 1126 interiectis
887 1087 1282 1128 determinationibus
1312 1091 1486 1130 sermoni
1515 1090 1692 1142 legitimo
1722 1104 1813 1142 pro-

27 1149 164 1202 piis,
199 1151 323 1190 verba.
356 1163 431 1191 suo
467 1153 558 1192 loco
594 1154 728 1205 posita
769 1155 901 1195 alieno
936 1156 1042 1194 male
1075 1164 1308 1208 repetuntur
1344 1159 1427 1207 (ita
1462 1158 1507 1206 6,
1536 1158 1601 1197 20.
1640 1159 1678 1206 7,
1708 1159 1745 1198 7.
1777 1159 1814 1198 9.

106 1217 192 1268 35).
248 1218 383 1273 Etiam
410 1222 574 1272 gravius
602 1228 677 1270 cst,
706 1223 813 1273 quod
841 1224 987 1275 legitur
1016 1224 1054 1272 7,
1077 1226 1120 1264 6:
1151 1228 1219 1276 qui
1242 1227 1570 1277 provindiarum)
1600 1227 1816 1278 Hispania-

35 1329 44 1335 ,
84 1285 167 1336 m)
199 1286 410 1327 ulteriorem
438 1289 624 1329 Baeticae
651 1294 804 1341 praev-it
836 1293 1030 1339 obtinebi23
1064 1306 1155 1332 nam
1192 1307 1280 1333 cum
1316 1307 1403 1333 eam
1438 1295 1684 1346 provinciam
1715 1295 1815 1335 Cae·

38 1353 150 1406 juris
178 1359 308 1393 aetate
337 1355 536 1396 ulterioris
565 1370 708 1397 nomen
737 1359 914 1410 gessisse
943 1366 1099 1399 constet
1126 1374 1198 1400 nec
1217 1362 1403 1401 Baeticae
1429 1376 1574 1402 nomen
1593 1364 1816 1414 reperiatur

35 1427 138 1486 'faute
163 1421 424 1473 imperatores
444 1423 611 1464 Flavios
641 1426 896 1478 (Marquardt
922 1427 1288 1480 Smatsverwaleunq
1312 1431 1483 1481 1,105)‚
1513 1431 1714 1470 evidenter
1744 1444 1814 1482 ap-

30 1498 74 1520 ἰ
141 1494 159 1528 t
189 1490 232 1529 in
265 1490 355 1542 ipsa
381 1491 469 1542 lege
498 1494 691 1544 scriptum
718 1494 846 1534 fuisse
880 1498 948 1546 qm·
974 1499 1257 1547 provincIarum
1287 1499 1569 1548 Hispaniarum
1597 1500 1815 1539 ulteriorem

55 1558 239 1605 tinebit,
266 1559 391 1598 verba
417 1566 551 1599 autem
579 1561 763 1602 Baeticae
786 1566 940 1613 praerit
966 1564 1015 1603 de
1042 1566 1104 1604 sui
1133 1567 1324 1616 temporis
1354 1579 1431 1606 usu
1459 1567 1614 1606 adiecta
1642 1579 1732 1606 esse
1761 1569 1813 1607 ab

35 1628 118 1659 31·2
158 1626 340 1666 ιι.11ιῒοι·υ
398 1627 583 1679 Denique
618 1630 757 1669 eodem
787 1631 942 1671 videtur
975 1632 1222 1672 referendum
1259 1646 1368 1682 esse,
1405 1635 1510 1686 quod
1544 1636 1733 1675 iudicium
1763 1637 1812 1674 de

44 1687 46 1690 ’
157 1693 215 1732 ιίε
241 1700 352 1734 certa
379 1697 594 1736 commissa
621 1698 662 1737 in
690 1699 838 1738 tabulis

40 1762 85 1797 ‘j
134 1773 198 1801 ns
231 1763 430 1814 prioribus
466 1764 542 1804 hac
578 1765 708 1805 forma
745 1766 904 1806 effertur
947 1769 990 1807 in
1024 1770 1142 1808 tertia
1170 1783 1264 1809 vero
1299 1772 1447 1822 septies
1478 1771 1536 1810 sic
1564 1779 1626 1811 est
1655 1773 1724 1823 (6,
1746 1772 1811 1812 26.

46 1833 188 1872 nater
214 1830 274 1880 (1,
296 1830 358 1869 17.
383 1830 448 1871 25.
479 1831 518 1880 3,
540 1832 605 1871 21.
637 1835 675 1883 5,
700 1834 789 1885 19).
880 1836 892 1859 ’
949 1838 1015 1876 45.
1047 1837 1172 1883 ”,.29
1195 1839 1259 1877 37.
1283 1840 1349 1878 50.
1381 1840 1419 1887 8,
1440 1840 1502 1878 13.
1524 1839 1618 1891 21).

46 1887 82 1955 [¹³
97 1908 264 1960 eiusque
281 1911 471 1961 pecuniae
497 1913 559 1951 cui
585 1913 711 1963 [immo
731 1915 816 1977 qui]
837 1928 903 1954 vo·
1004 1918 1171 1968 eiusque
1205 1919 1397 1969 pecuniae
1433 1920 1496 1958 cui
1532 1933 1670 1959 eorum
1705 1922 1813 1961 volet

51 1961 57 1970 ’
54 1963 155 2053 Ἰἐξίοι
180 1978 322 2028 petitio
349 1980 654 2032 persecutioque
682 1989 782 2021 esto.
1003 1987 1297 2036 recuperatorio
1336 1987 1484 2026 iudicio
1513 1995 1609 2038 aput
1637 1989 1810 2028 IIvirum

1005 2053 1256 2104 [interregem
1282 2057 1354 2094 ins.
1378 2055 1415 2102 7,
1432 2056 1502 2106 50]
1517 2057 1810 2107 praefectumve

1003 2122 1106 2159 actio
1142 2123 1283 2172 petitio
1318 2125 1619 2175 persecutioque
1653 2139 1706 2165 ex
1734 2126 1810 2164 hac

1003 2189 1092 2241 lege
1122 2190 1185 2228 ius
1214 2197 1473 2242 potestasque
1504 2199 1605 2232 esto.

39 2242 175 2310 *fanu
197 2264 254 2297 cui
277 2264 341 2297 im.
367 2265 598 2307 colon(orum)
625 2268 698 2300 eius
717 2268 899 2310 col(0niae)
1004 2280 1122 2303 eorum
1148 2283 1210 2304 om.
1238 2273 1277 2313 6,
1297 2274 1343 2306 46
1371 2270 1378 2318 1
1413 2284 1479 2317 que
1505 2286 1566 2307 om.
1594 2275 1634 2315 6,
1655 2277 1700 2309 28
1731 2271 1736 2319 Ι
1765 2286 1808 2308 ex

97 2323 133 2365 a,
151 2324 196 2358 ιι
226 2320 234 2369 1
259 2327 518 2370 persecutioque
542 2339 604 2361 om.
631 2329 666 2369 3,
686 2330 743 2362 21.
1003 2343 1064 2365 om.
1092 2333 1126 2374 6,
1145 2334 1204 2366 43.
1232 2333 1333 2375 8,13
1362 2331 1367 2379 Ι
1396 2346 1461 2378 que
1486 2347 1548 2369 om.
1577 2338 1609 2377 7,
1630 2338 1688 2370 31.

56 2410 68 2428 ⁶
157 2420 224 2447 um
257 2395 425 2448 duarum
459 2410 717 2450 formularum
746 2413 919 2462 priorem
948 2422 988 2453 et
1020 2415 1110 2463 lex,
1144 2429 1264 2467 quam
1298 2418 1461 2457 huiusce
1490 2420 1607 2469 quasi
1642 2426 1807 2459 matrem

165 2476 356 2524 vidimus,
393 2477 500 2517 Iulia
535 2479 688 2518 scilicet
722 2482 881 2531 agraria
915 2482 1123 2522 confirmat
1157 2493 1196 2523 et
1232 2498 1362 2524 sermo
1397 2488 1600 2537 ratioque,
1641 2489 1807 2527 alteram

105 2554 173 2581 m
206 2556 256 2582 ne
284 2543 470 2584 Latinam
505 2547 664 2596 quidem
702 2561 791 2587 esse
820 2550 949 2600 quivis
978 2551 1193 2602 intellegit,
1229 2560 1274 2591 ut
1310 2554 1374 2592 hic
1403 2567 1562 2605 quoque
1591 2556 1806 2607 deprehen-

118 2624 155 2648 r
187 2611 442 2663 interpolatio
477 2615 619 2653 aetatis
654 2617 900 2665 posterioris.
930 2639 983 2646 —
1019 2619 1160 2670 Itaque
1193 2633 1280 2659 cum
1311 2622 1385 2660 has
1414 2623 1573 2661 tabulas
1603 2625 1807 2674 aliquanto

79 2682 134 2717 ·’ῐ
156 2676 374 2718 Gaesarem
404 2681 635 2720 dictatorem
664 2684 705 2721 in
735 2697 825 2723 aere
853 2685 1002 2724 incisas
1030 2699 1121 2725 esse
1151 2694 1318 2735 constet,
1351 2697 1562 2740 postquam
1593 2693 1808 2742 imperator

71 2746 316 2798 capulanus
343 2747 566 2800 Hispaniae
601 2752 770 2801 oppida,
806 2766 908 2803 quae
942 2755 1103 2804 quidem
1138 2756 1269 2794 adhuc
1301 2759 1501 2808 peregrini
1528 2759 1627 2797 iuris
1657 2766 1805 2806 essent,

112 2823 158 2851 ·ο
183 2801 358 2870 donavit,
386 2816 572 2855 Baeticae
601 2825 706 2857 certe
734 2821 963 2870 provinciae
991 2824 1180 2861 universa
1206 2825 1354 2875 oppida
1377 2837 1470 2864 suas
1489 2827 1675 2877 quodque
1694 2828 1806 2878 leges
1873 2864 1881 2880 ἔ

67 2855 198 2937 ιι’ῗΗΙίου
230 2894 451 2933 proponere
486 2885 601 2923 iussa
628 2886 811 2925 videntur
843 2901 951 2936 esse,
987 2896 1031 2928 ut
1058 2892 1198 2928 eodem
1227 2901 1404 2942 tempore
1433 2900 1473 2931 et
1499 2895 1609 2944 leges
1640 2894 1805 2932 Flaviae
1839 2924 1843 2925 ⁷

112 3032 145 3047 v·
181 3033 210 3046 ,-
247 3015 466 3056 Genetivae
494 3020 557 3058 vel
587 3021 721 3071 potius
748 3023 865 3061 huius
895 3024 1055 3063 tabulae
1082 3026 1212 3076 prima
1241 3028 1507 3078 secundaque.
1556 3029 1661 3067 Nam
1690 3030 1806 3068 tertia

78 3242 84 3247 ,
117 3202 175 3257 ’1)
211 3207 354 3241 Sincera
378 3208 490 3241 forma
512 3211 681 3252 reperitur
704 3212 739 3244 in
765 3212 839 3254 lege
865 3213 1014 3246 Bantina
1039 3225 1071 3246 v.
1091 3216 1124 3255 9,
1152 3218 1416 3259 repetundarum
1440 3229 1472 3250 v.
1495 3218 1551 3259 18,
1577 3219 1667 3252 Iulia
1692 3222 1802 3253 muni-

0 3250 6 3254 ’
67 3254 94 3301 ’,
126 3265 140 3293 ι’
164 3277 198 3300 r.
218 3269 275 3300 19.
294 3269 353 3301 97.
375 3269 455 3302 107.
476 3271 558 3303 125.
579 3273 667 3312 141,
693 3273 783 3305 Iulia
807 3275 940 3315 agraria
964 3276 1036 3307 sive
1060 3276 1231 3318 Mamilia,
1258 3279 1352 3311 alibi.
1402 3280 1504 3312 Dixit
1529 3280 1572 3316 de
1597 3291 1638 3314 ea
1661 3280 1804 3325 Madvig

67 3326 76 3333 κ
99 3338 113 3353 ⁸·
133 3341 159 3354 »ιι
205 3329 279 3362 Lat.
307 3340 337 3362 c.
357 3330 440 3363 321.

1477 3401 1500 3440 9

89 946 177 988 ‘ius
209 947 286 987 hae
317 949 476 987 tabulae
510 949 613 988 duae
648 963 728 989 non
765 951 971 991 subierunt
1006 952 1354 1002 interpolationem
1391 967 1479 992 eam
1518 967 1621 1005 quae
1655 955 1812 993 tertiam
1837 959 1996 1001 Interpo-

17 1006 204 1057 diverso
239 1015 380 1067 opinor
413 1022 592 1068 tempore
627 1025 832 1058 exaratam
875 1019 990 1059 foede
1028 1021 1327 1071 corrupit.1n
1373 1035 1421 1061 ea
1458 1023 1612 1061 scilicet
1647 1023 1812 1073 passim,
1825 1008 2019 1090 ωὲέἷὲἳῃω

223 2949 304 2987 sint
339 2949 559 3002 Salpensae
597 2960 636 2991 et
674 2955 852 2993 Malacae
887 2963 927 2994 et
961 2958 1057 2995 haec
1091 2957 1280 2998 Caesaris
1319 2961 1523 2999 dictatoris
1559 2963 1674 3000 iussu
1711 2962 1806 3000 data
1876 2964 1892 2980 ⁸
