2222 3594
348 250 407 294 14
1129 263 1314 295 KAIBEL

340 377 418 428 piei
463 377 708 415 dedicatione
746 376 976 427 Olympium
1020 390 1160 415 nomen
1202 378 1364 415 duxisse
1403 379 1703 428 imperatorem,
1747 378 1916 427 indeque
1958 377 2104 427 insigni

341 445 580 483 adulationis
614 457 756 494 genere
785 445 1052 483 Athenienses
1081 457 1222 483 novam
1254 445 1536 495 Olympiadum
1567 446 1708 483 seriem
1738 446 1945 495 repetiisse
1975 445 2105 483 sciunt
2152 449 2154 451 ’

341 525 491 551 omnes.
545 513 779 550 Dedicatum
811 518 940 550 autem
972 519 1031 550 est
1062 511 1315 562 Olympicum
1348 527 1382 551 a.
1409 514 1498 551 132.
1548 513 1610 552 Cf.
1642 512 1802 552 Corsini
1832 514 1924 551 fasti
1954 514 2038 551 Att.
2060 513 2103 551 ΙΙ

341 595 378 632 p.
405 582 480 619 105
498 593 582 631 sqq.
643 579 832 631 Sequitur
862 581 1016 618 titulum
1046 581 1147 618 inter
1177 594 1211 617 a.
1239 580 1313 618 132
1336 588 1375 618 ot
1400 581 1472 618 137
1505 582 1677 630 positum
1707 593 1806 619 esse.

341 742 460 779 XIII.
519 741 565 778 In
595 741 674 779 alia
702 741 797 779 Pav.
857 741 918 778 Ad
948 754 1208 778 marmoream
1239 741 1352 778 basin
1382 741 1421 778 in
1452 740 1665 778 Traianum
1697 740 1909 779 Caesarem
1938 741 2038 780 Vall.

449 850 699 911 Αὐτοκράτορι
738 858 743 907 Ι
782 849 925 911 Ns'povoe
960 857 1134 910 Τραιανῶ
1171 856 1176 906 i
1216 851 1375 910 Kosa-“321
1410 850 1545 910 ἀρίστω
1586 857 1591 906 Ι
1628 851 1826 898 Σεβαστάῖ
1851 857 2065 911 Γερμανικιῖ·
2095 857 2100 907 Ι

452 926 606 962 Δακικῶ
632 921 822 979 Παρθικαῗ
850 917 1107 979 χαριστήςπον.

341 1041 387 1081 C.
409 1043 440 1081 Ι.
465 1041 583 1080 2178.
643 1039 777 1079 Conze
805 1039 960 1078 Lesbos
995 1052 1033 1089 p.
1058 1040 1105 1077 13
1130 1040 1215 1086 fin.,
1253 1040 1320 1089 qui
1354 1040 1526 1090 lapidem
1561 1054 1673 1079 muro
1708 1041 1877 1079 infixum
1911 1041 2103 1091 Mytilene

339 1111 494 1149 videtur
513 1110 673 1147 vidisse.
719 1108 900 1154 Videtur,
928 1108 1101 1157 inquam.
1147 1107 1253 1145 Nam
1276 1108 1406 1146 minus
1428 1110 1637 1159 perspicue
1657 1110 1725 1156 ait,
1754 1109 1856 1147 hanc
1875 1122 1994 1159 quam
2014 1109 2102 1159 ipse

339 1179 506 1217 vidisset
534 1178 650 1216 basin
678 1182 954 1228 praeterquam
983 1177 1088 1225 quod
1119 1188 1257 1213 versus
1285 1177 1420 1225 paullo
1451 1177 1565 1214 aliter
1594 1177 1711 1215 divisi
1739 1184 1778 1215 et
1804 1177 1988 1215 NERBA
2009 1177 2101 1227 (sic)

338 1261 412 1298 pro
445 1248 643 1284 ΝΕΡΟΥΑ
676 1244 862 1294 scriptum
893 1250 1011 1290 esset,
1043 1251 1225 1282 accurate
1255 1245 1462 1282 concinere
1489 1257 1575 1282 cum
1607 1245 1721 1283 titulo
1753 1244 1797 1283 C.
1819 1245 1851 1283 1.
1874 1244 1994 1283 2178.
2047 1247 2102 1283 At

339 1315 443 1353 enim
472 1314 615 1353 mirum
645 1313 685 1350 ni
716 1311 907 1363 Cyriacus
938 1312 974 1349 R
1002 1312 1169 1349 formam
1200 1317 1238 1349 et
1267 1304 1395 1363 Ns'gssce
1425 1313 1659 1362 scripturam
1690 1313 2045 1351 animadvertisset.

449 1382 500 1420 V.
523 1382 545 1419 2
579 1383 735 1418 ΚΑΙΣΑ.
766 1394 801 1418 ν.
832 1380 997 1430 praefat.
1023 1402 1072 1407 —-
1104 1379 1267 1417 Positus
1298 1380 1437 1417 titulus
1467 1380 1569 1418 inter
1598 1381 1691 1418 anni
1717 1381 1792 1418 115
1822 1386 1972 1431 partem
2004 1381 2101 1419 alte-

338 1464 435 1498 ram,
465 1463 568 1500 quae
589 1449 765 1487 Traiano
795 1447 973 1486 Parthici
1002 1460 1220 1497 cognomen
1250 1447 1340 1484 tulit
1368 1452 1407 1484 et
1436 1448 1527 1485 anni
1552 1449 1627 1485 117
1658 1460 1834 1486 mensem
1863 1450 2101 1499 Augustum,

339 1532 416 1569 quo
456 1524 635 1556 mortuus
671 1523 743 1554 est.
809 1515 869 1554 Cf.
906 1515 1103 1553 Dierauer
1140 1516 1231 1553 hist.
1269 1515 1433 1553 Traiani
1469 1516 1509 1552 in
1546 1515 1773 1566 Buedinger
1806 1515 2044 1554 Untersuch.
2081 1516 2102 1554 Ι

341 1587 417 1625 166
435 1599 493 1636 sq.
525 1587 614 1624 adn.
639 1585 675 1623 6.

336 1747 449 1786 XIV.
508 1747 556 1784 In
584 1745 729 1795 templo
757 1745 861 1782 beati
892 1744 1069 1782 Antonii.

1097 1850 1142 1887 ‘0
1173 1848 1330 1900 ὲ[ᾱ]ν.ος

442 1916 698 1977 αὐτοκράτορα
727 1915 899 1976 Τιβέριοῡ
936 1917 1111 1974 Καίσαρα
1147 1913 1370 1962 Σε-ἸΒασ-τσν,
1406 1915 1525 1956 παῖδα
1561 1915 1646 1959 Aloe
1687 1914 1877 1974 Km'ffapoc
1902 1914 2096 1962 Ὀλυμπίου

441 1984 688 2039 Σεβάστ[ω],
718 1991 835 2026 κοῖνον
866 1981 928 2033 μὲν
957 1989 1027 2027 τᾶς
1057 1984 1305 2036 οἰκ[συ]μεί·ας
1334 1981 1614 2041 ε[ι3]εργέ[ται’],
1644 1989 1714 2026 τᾶς
1744 1980 1782 2024 δὲ
1813 1980 1942 2033 ἆμμας
1969 1982 2100 2027 πόλὶος

441 2052 739 2108 ἐπιφανέστατον
767 2050 831 2094 καὶ
860 2051 1027 2093 κτίσται).

331 2177 594 2212 ΣΕΒΑΣΤΟΝ
633 2173 902 2211 accusativum
938 2171 978 2208 in
1015 2171 1240 2222 genetivum
1279 2171 1451 2218 correxi3
1488 2183 1598 2208 error
1633 2178 1795 2221 propter
1831 2172 2098 2210 accusativum

330 2243 512 2293 proxime
551 2246 779 2291 sequentem
810 2240 940 2277 facilis
972 2245 1067 2276 erat.
1130 2241 1417 2275 ΕΝΙΞΡΓΕΤΑΣ
1447 2239 1606 2288 scripsit
1634 2239 1822 2277 librarius
1852 2240 2096 2290 syllabarum

331 2310 587 2349 similitudine
617 2310 817 2359 deceptus.
862 2307 1010 2345 Nescio
1042 2319 1119 2356 qua
1148 2306 1402 2357 potissimum
1427 2319 1469 2344 re
1491 2307 1674 2345 Tiberius
1699 2307 1746 2344 de
1766 2307 2098 2357 Mytilenaeorum

331 2379 490 2417 civitate
520 2378 682 2415 meritus
712 2376 848 2422 fuerit;
881 2376 952 2413 sed
981 2388 1059 2412 non
1090 2375 1130 2412 in
1161 2374 1388 2412 universum
1418 2388 1506 2413 eum
1535 2375 1691 2413 laudari
1722 2381 1897 2426 apparet.

329 2537 421 2576 XV.
478 2534 643 2575 ‘Atticae
672 2536 970 2585 antiquissimae
999 2531 1184 2573 litterae’.
1233 2533 1364 2573 Locus
1395 2535 1460 2572 ubi
1490 2541 1668 2585 repertus
1697 2536 1751 2573 sit
1780 2548 1857 2573 non
1887 2535 2096 2583 indicatur,

386 2606 457 2644 sed
476 2604 717 2656 praecedunt
745 2604 851 2642 tituli
880 2604 1121 2654 Mytilenaei.

857 2713 1044 2758 Ἀμεινίας
1071 2722 1099 2755 Λ
1107 2711 1331 2772 υτικςτοέτους
1358 2715 1564 2763 Ἀθηναῖος

331 2835 454 2875 Cuius
486 2836 628 2874 aetatis
659 2836 810 2873 litteras
841 2835 1035 2885 significet
1065 2833 1260 2884 Cyriacus
1292 2835 1444 2883 ignoro.

330 2996 442 3034 XVI.
500 2996 549 3033 In
579 2996 715 3034 tabula
743 3007 977 3033 marmorea.

330 3110 375 3147 In
412 3110 487 3147 hoc
522 3111 637 3148 titulo
674 3116 741 3149 aut
776 3110 1013 3161 explicando
1051 3116 1118 3147 aut
1152 3110 1395 3147 emendando
1426 3111 1483 3148 ita
1512 3110 1642 3148 oleum
1672 3114 1711 3147 et
1739 3122 1898 3159 operam
1928 3094 2093 3160 perdidi,

333 3184 373 3215 ut
403 3191 451 3214 ne
481 3178 554 3215 hoc
584 3179 740 3228 quidem
772 3184 1014 3229 compertum
1046 3178 1225 3223 habeam,
1257 3191 1357 3227 quae
1383 3190 1445 3216 res
1468 3184 1620 3229 agatur.
1663 3178 1860 3215 Videntur
1880 3178 2092 3215 architecto

329 3246 484 3282 cuidam
520 3259 570 3283 ex
607 3253 766 3284 senatus
803 3247 1017 3296 populique
1047 3246 1281 3283 auctoritate
1313 3268 1362 3273 —
1395 3246 1434 3283 id
1465 3246 1572 3296 quod
1607 3246 1821 3283 ostendunt
1849 3244 2094 3294 praescripta

330 3312 452 3349 verba
488 3309 631 3363 ἀγαθῇ
659 3307 766 3363 τύχῃ
806 3336 855 3342 -
885 3321 1098 3364 praecepta
1134 3313 1238 3359 dari,
1279 3318 1321 3351 ut
1355 3314 1490 3352 nescio
1525 3314 1676 3352 fossam
1713 3326 1762 3350 an
1791 3313 1894 3350 viam
1929 3324 1980 3350 an
2007 3324 2093 3349 mu-

328 3392 414 3417 rum
446 3386 641 3418 vetustate
670 3381 827 3430 lapsum
859 3382 1078 3420 dirutumve
1108 3382 1296 3420 reficeret.
1343 3380 1511 3419 Frustra
1539 3395 1589 3419 ex
1609 3381 1735 3418 titulis
1757 3379 2092 3430 scriptoribusque
