2222 3594
359 201 378 246 1
390 200 418 245 8
1140 211 1324 245 KAIBEL

462 327 548 364 Iam
579 339 680 376 quae
711 330 931 375 sequuntur
951 326 1246 364 tritissimarum
1266 328 1307 365 in
1328 328 1454 365 titulis
1476 327 1700 404 honorariis
1722 326 1981 365 formularum
2004 338 2120 365 usum

351 395 543 433 excedere
573 407 652 432 non
683 394 883 440 videntur3
914 398 1044 432 tamen
1074 408 1153 432 non
1184 396 1317 433 omnia
1346 395 1543 445 expedivi.
1588 410 1631 438 με
1636 382 1778 444 ’γαλαις
1799 389 1944 449 doxass-
1969 399 2117 432 certum

352 469 432 509 est3
469 462 539 500 sed
575 465 752 499 ΚΑΙΤΑΞ
762 465 884 499 ΙΑΕΙΣ
922 462 1016 512 quid
1054 462 1106 500 sit
1142 464 1290 501 nescio.
1347 457 1537 502 Εκδικίας
1571 463 1743 501 officium
1776 486 1826 491 —
1857 474 1985 512 neque
2014 462 2118 500 enim

352 537 414 568 est
449 541 590 567 munus
629 553 678 558 —
715 530 949 567 creberrime
980 535 1239 569 memoratum
1267 531 1569 569 liberalissimus
1599 532 1769 580 quisque
1799 537 1838 568 et
1867 529 2118 579 opulentissi-

351 610 440 636 mus
470 598 614 636 civium
645 598 812 635 subibat.
860 596 1063 636 Ciceronis
1093 605 1155 636 est
1183 598 1353 648 epistola
1382 600 1432 637 ad
1453 599 1667 637 Thermum
1700 599 1768 648 (ad
1788 598 1882 636 fam.
1903 597 2011 636 XIII
2031 596 2118 646 56),

351 666 391 704 in
421 678 500 716 qua
528 667 645 703 haec:
674 663 859 716 ‘Mylasis
891 673 929 704 et
955 666 1177 705 Alabandis
1206 667 1412 717 pecuniam
1446 666 1586 705 Cluvio
1617 667 1773 704 debent.
1822 666 1995 704 Dixerat
2022 665 2119 703 mihi

350 734 629 784 Euthydemus
668 746 756 771 cum
791 733 943 783 Ephesi
980 746 1130 782 essem,
1169 746 1212 772 se
1249 741 1473 773 curaturum
1513 741 1555 773 ut
1593 734 1714 772 ecdici
1750 733 1911 784 Mylasii
1949 733 2118 771 Romam
2173 772 2182 781 ,

281 819 285 824 ·
350 802 608 841 mitterentur.
673 802 721 839 Id
759 801 905 839 factum
935 814 1022 840 .n0n
1062 807 1135 840 est.
1200 801 1374 854 Legatos
1413 803 1531 841 audio
1569 803 1716 840 missos
1755 813 1864 848 esse3
1903 801 1974 839 sed
2011 801 2117 839 malo

349 870 521 917 ecdicos,
552 875 595 907 ut
623 869 775 920 aliquid
804 870 943 907 confici
973 871 1114 920 possit.
1170 869 1304 918 Quare
1333 877 1425 921 peto
1455 884 1479 909 a
1507 877 1557 916 te,
1591 876 1633 908 ut
1661 877 1700 907 et
1729 882 1798 908 eos
1827 875 1867 907 et
1895 869 2119 907 Alabandis

348 938 485 976 iubeas
515 938 670 976 ecdicos
689 938 858 976 Romam
888 934 1066 976 mittere.³
1114 937 1230 976 Unde
1260 939 1380 977 simul
1408 939 1652 989 intellegitur
1680 938 1774 988 quid
1803 937 1989 975 differant
2016 938 2119 975 inter

351 1018 394 1045 se
430 1006 553 1044 ecdici
589 1011 628 1044 et
663 1006 795 1057 legati.
853 1005 965 1043 Nihil
1002 1011 1132 1043 autem
1168 1007 1414 1056 frequentius
1444 1007 1485 1044 in
1513 1007 1641 1044 titulis
1672 1012 1751 1054 est,
1787 1018 1906 1056 quam
1937 1005 2116 1043 homines

350 1074 472 1112 ecdici
509 1074 714 1124 eidemque
744 1073 881 1123 legati;
920 1080 1086 1124 utraque
1116 1074 1218 1112 enim
1246 1086 1311 1112 res
1342 1074 1507 1113 eandem
1536 1074 1780 1112 voluntatem
1808 1073 2116 1123 facultatemque

349 1143 566 1193 flagitabat.
612 1141 673 1180 Cf.
697 1141 740 1180 C.
763 1142 795 1179 I.
820 1138 1125 1180 2719ε.πολλᾶς
1153 1137 1360 1196 πρεσβείας
1388 1136 1451 1179 καὶ
1481 1137 1645 1181 ἐκδικίας
1673 1144 1719 1193 τῇ
1746 1136 1893 1196 πατρίδι
1916 1156 2115 1197 ‘napea-1207—

349 1204 468 1254 μένου.
530 1208 782 1259 Quapropter
815 1223 895 1248 non
925 1210 1070 1247 nimiae
1099 1210 1288 1248 audaciae
1317 1210 1543 1257 incusabor,
1580 1210 1687 1260 quod
1716 1223 1767 1248 ex
1800 1212 1941 1247 ΒΗΑΙΣ
1969 1209 2114 1248 litteris

348 1278 424 1316 hoc
457 1278 588 1328 ipsum
620 1277 856 1316 vocabulum
889 1272 1146 1331 [πρεσ]Βειάις
1175 1278 1297 1316 effeci.
1359 1277 1545 1316 Genuina
1572 1278 1677 1315 tituli
1706 1278 1834 1316 forma
1862 1290 1941 1316 non
1970 1278 2118 1316 tradita

350 1351 411 1383 est
445 1358 518 1384 nec
553 1357 690 1383 versus
726 1346 782 1383 ita
816 1345 953 1392 divisi,
991 1352 1034 1383 ut
1070 1345 1258 1383 diviserat
1293 1346 1523 1396 lapidarius.
1589 1344 1861 1396 Complurium
1898 1345 2142 1391 litterarum,

348 1414 510 1452 lacunas
539 1413 770 1451 manifestas
801 1419 980 1451 tenemus
1010 1413 1051 1451 in
1072 1426 1177 1451 voce.
1207 1407 1607 1465 «γυμινασ-ι[αρχή]σ-οιις
1637 1420 1676 1451 et
1705 1406 1912 1463 μεγάλ[αις
1939 1404 2116 1468 ἅρ]τχ,αις.

348 1481 497 1532 Fingas
526 1483 582 1519 ita
610 1493 747 1519 versus
777 1482 992 1530 dispositos
1021 1482 1163 1528 fuisse,
1193 1487 1236 1519 ut
1270 1481 1320 1519 ab
1351 1482 1513 1519 sinistra
1536 1481 1733 1531 dextrave
1761 1485 1874 1530 parte
1902 1480 2028 1519 fracto
2057 1481 2116 1518 la-

348 1550 440 1599 pide
477 1556 515 1588 et
554 1565 657 1604 αρχη
689 1555 729 1587 et
757 1538 870 1603 «παρ’
892 1555 930 1587 et
959 1565 1054 1601 πρεσ-
1081 1549 1236 1587 litterae
1264 1550 1394 1600 perire
1424 1550 1641 1599 potuerint:
1679 1563 1770 1587 nam
1801 1549 1947 1599 singuli
1976 1560 2115 1587 versus

348 1630 428 1656 non
460 1630 559 1668 opus
591 1623 651 1655 est
680 1623 723 1655 ut
751 1618 866 1668 plane
897 1617 1059 1655 eandem
1091 1618 1261 1667 quisque
1290 1617 1576 1667 longitudinem
1606 1617 1829 1655 habuerint.

461 1685 652 1736 Superest
688 1693 732 1724 ut
766 1686 1041 1735 interpolatam
1071 1686 1111 1723 ni
1140 1685 1258 1722 fallor
1288 1686 1452 1723 alteram
1483 1692 1611 1723 utram
1639 1678 1702 1722 καὶ
1730 1685 1966 1736 particulam
1995 1685 2111 1724 tolla-

348 1767 450 1802 mus,
483 1761 551 1792 aut
579 1767 680 1804 quae
712 1759 801 1791 ante
832 1753 872 1790 ἐκ
901 1754 972 1789 τῶν
1002 1749 1101 1790 ἰδίων
1131 1758 1200 1790 aut
1228 1766 1329 1803 quae
1358 1759 1450 1803 post
1477 1754 1639 1803 legitur3
1669 1742 1737 1791 vix
1766 1754 1870 1791 enim
1889 1753 2118 1804 inscriptio-

348 1836 442 1860 num
481 1822 725 1860 concinnitas
764 1827 842 1859 tam
883 1826 1066 1872 argutum
1101 1821 1257 1859 dicendi
1295 1834 1421 1871 genus
1457 1822 1606 1871 patitur
1646 1821 1782 1860 inferri
1825 1827 1867 1859 ut
1902 1821 1943 1859 in
1981 1822 2113 1860 verbis

346 1884 408 1927 nai
438 1889 479 1927 ἔκ
506 1891 579 1927 τῶν
609 1887 707 1926 ἰδίων
735 1882 800 1926 καὶ
830 1882 1040 1939 ’γυμνοῖτιον
1070 1888 1235 1927 alterum
1264 1884 1327 1926 mxi
1357 1903 1430 1940 pro
1460 1890 1706 1940 gradationis
1729 1889 1926 1939 particula
1945 1890 2112 1928 retinea-

346 1970 450 1997 mus.
508 1957 603 1996 Non
638 1957 804 1995 multum
834 1957 973 2004 refert,
1003 1964 1134 1995 utrum
1163 1951 1226 1994 καὶ
1257 1957 1411 2004 deleas,
1443 1958 1513 1995 sed
1542 1957 1675 2008 priore
1704 1957 1793 1996 ideo
1820 1956 1977 1996 facilius
2006 1969 2115 1996 care-

346 2026 495 2073 bimus,
532 2026 639 2076 quod
669 2025 708 2062 ἔκ
736 2027 808 2062 τῶν
837 2019 936 2062 ἰδίων
965 2025 1086 2063 verba
1114 2026 1154 2062 in
1184 2025 1261 2063 fine
1291 2025 1450 2075 saepius
1481 2037 1596 2075 quam
1627 2025 1669 2063 in
1698 2025 1892 2076 principio
1922 2025 2115 2064 enuntiati

346 2095 442 2146 poni
473 2094 613 2132 solent.
669 2094 800 2131 Etiam
831 2093 929 2131 haec
956 2093 1044 2131 laus
1075 2099 1137 2131 est
1163 2093 1268 2131 haud
1299 2094 1456 2143 exigua,
1488 2093 1610 2131 ecdici
1637 2093 1836 2143 legatique
1865 2092 1996 2132 officia
2022 2105 2110 2144 pro-

345 2162 443 2213 priis
472 2162 666 2212 impensis
694 2162 956 2212 praestitisse.
1017 2159 1079 2199 Cf.
1109 2161 1205 2198 Keil
1234 2159 1336 2211 Syll.
1365 2162 1484 2199 inser.
1514 2161 1653 2200 Boeot.
1684 2174 1722 2211 p.
1748 2160 1838 2200 123.

460 2233 487 2267 Γ
493 2233 679 2267 ΙΜΝΑΝΔ
711 2229 846 2279 paullo
876 2229 1087 2266 violentius
1117 2230 1320 2278 temptavi,
1351 2229 1419 2267 sed
1450 2242 1529 2267 non
1559 2230 1657 2268 citra
1685 2230 1973 2268 necessitatem.
2017 2243 2113 2279 ιγυμ-

348 2290 446 2335 νάδα
475 2298 524 2335 de
553 2310 631 2347 quo
662 2299 751 2348 quis
782 2297 928 2347 cogitet
955 2297 1049 2334 ferri
1078 2297 1227 2346 nequit.
1276 2296 1572 2348 Lexicographi
1601 2298 1704 2336 enim
1733 2303 1941 2348 poetarum
1963 2296 2116 2361 aliquot

346 2366 459 2404 locos
496 2366 715 2404 indicantes
748 2365 815 2404 ubi
851 2365 955 2403 idem
993 2376 1083 2403 esse
1118 2370 1258 2415 putant
1287 2365 1391 2415 quod
1422 2359 1632 2415 (γυμνάσιον
1659 2365 1856 2404 incautius
1887 2370 2028 2417 agunt.
2063 2378 2112 2403 ne

345 2440 487 2485 poetae
524 2434 682 2485 quidem
720 2447 893 2484 unquam
930 2434 1006 2471 hoc
1044 2433 1239 2471 vocabulo
1275 2433 1406 2471 locum
1446 2433 1691 2484 significant,
1730 2434 1797 2472 ubi
1826 2437 2030 2472 exerceret
2067 2445 2112 2471 se

346 2502 542 2541 iuventus.

457 2563 819 2624 εγυ].ινα[ο-ι]α’[ρ]κων
853 2575 959 2608 certo
995 2570 1170 2616 correxi;
1205 2581 1332 2619 neque
1368 2570 1431 2607 hic
1465 2585 1488 2607 κ
1523 2570 1562 2608 in
1593 2585 1630 2621 χ
1663 2574 1817 2608 mutare
1846 2570 1955 2608 volui
1983 2581 2111 2619 neque

347 2650 468 2688 supra
495 2644 564 2676 aut
593 2631 819 2690 ἐφάβτιξκον
848 2638 1066 2676 rescribere
1094 2643 1163 2675 aut
1193 2630 1554 2691 ιγυμναο-ιαρκῆσ-αις.
1602 2638 1802 2676 Incertum
1832 2638 1952 2684 enim,
1979 2641 2112 2688 poste-

344 2707 461 2744 rioris
490 2705 630 2744 aetatis
650 2705 870 2744 Aeolenses
900 2712 1094 2755 quatenus
1125 2706 1244 2743 etiam
1273 2705 1314 2743 in
1341 2706 1405 2743 his
1434 2705 1611 2743 minutiis
1642 2705 1841 2743 constanti
1869 2716 2111 2754 severasque

345 2774 425 2825 legi
455 2786 498 2812 se
526 2774 765 2812 addixerint.
815 2773 967 2811 Eadem
997 2774 1045 2811 de
1073 2785 1194 2812 causa
1221 2785 1342 2823 supra
1369 2774 1409 2811 in
1439 2787 1477 2811 n.
1495 2773 1578 2810 VII
1607 2768 1721 2828 ἱερέαν
1749 2779 1790 2811 et
1816 2766 2003 2828 ἱεροφὸρον
2029 2762 2115 2810 for—¹
2151 2826 2159 2833 =

345 2854 431 2880 mas
461 2854 541 2880 non
571 2842 794 2880 sollicitavi.

345 2984 479 3022 XXL
514 2984 561 3021 In
589 2983 742 3022 balneis
762 2983 883 3032 Lesbi
903 2984 998 3021 Pav.
1048 2983 1111 3021 Ad
1141 2983 1262 3021 alium
1291 2982 1464 3032 lapidem
1494 2995 1758 3020 marmoreum
1778 2982 1880 3029 Pal„
1908 2981 1977 3020 ubi
1996 2993 2109 3032 prae-

400 3052 504 3089 cedit
540 3052 679 3089 titulus
718 3051 782 3101 (C.
810 3052 843 3090 I.
876 3051 1000 3102 2171)
1038 3051 1086 3089 ad
1123 3052 1266 3090 balnea
1302 3051 1451 3089 Lesbia
1486 3051 1670 3089 inventus
1705 3048 1797 3101 ‘que
1833 3050 1954 3100 vulgo
1993 3061 2109 3100 grece

402 3116 554 3173 Θερμιιιῆ
586 3117 890 3170 nuncupantur’.

1101 3181 1284 3243 Ἀρτέμιδι

1104 3250 1242 3310 Θερμῖα
1271 3251 1359 3292 εὔα-

1103 3316 1148 3360 κό
1152 3339 1178 3360 ω
1207 3318 1323 3363 Δι’τας
