2222 3594
347 190 409 237 32

345 319 642 356 ALmNOVAst

1131 198 1329 237 HUBNER

778 319 845 365 ait,
875 319 977 356 idem
1000 319 1118 356 fuerit
1138 327 1256 369 atque
1278 319 1566 366 Albinovanus,
1598 330 1715 367 quem
1736 318 1773 355 in
1796 317 2106 367 interrogatione

783 387 1004 437 compellat,
1033 387 1128 425 mihi
1151 387 1303 425 videtur
1332 387 1503 425 dubitari
1525 398 1657 436 posse.
1702 385 1865 425 Certum
1887 390 2016 423 autem
2037 390 2108 432 est,

782 467 860 492 non
896 461 1001 493 recte
1035 456 1138 493 hanc
1173 456 1223 493 ob
1260 467 1419 493 causam
1457 455 1575 492 etiam
1611 454 1658 492 P.
1699 455 1996 492 Albinovanum
2025 453 2109 492 Ma-

781 523 934 561 rianum
965 523 1205 574 adscriptum
1236 535 1326 562 esse
1354 524 1463 573 genti
1494 522 1673 570 Tulliae3
1710 529 1755 560 ut
1782 522 1961 560 fecerunt
1988 521 2107 560 inter—

780 598 926 641 pretes.

673 659 935 698 Albinovanus
970 660 1099 699 Celsus
1134 666 1251 709 poeta
1279 659 1436 697 Horatii
1473 659 1621 697 amicus
1660 659 1715 697 ita
1750 664 1857 696 recto
1887 658 2110 696 nomencla-

782 733 893 765 turae
931 728 1068 765 ordine
1104 734 1171 766 aut
1207 741 1302 766 casu
1337 734 1404 766 aut
1433 728 1671 778 optimorum
1703 733 1906 764 auctorum
1935 726 2012 764 fide
2041 739 2110 776 ap·
2166 758 2175 767 ,

781 796 952 846 pellatur
989 809 1012 833 a
1041 796 1317 846 Porphyrione
1355 796 1522 846 aliisque
1559 795 1786 833 scholiastis
1822 794 1872 831 ad
1901 794 2109 844 epistulam

787 866 820 911 1,
849 865 884 902 8.
944 864 1053 901 Idem
1090 870 1294 914 praeterea
1331 864 1371 901 in
1402 864 1573 913 epistula
1597 865 1631 910 1,
1657 863 1726 910 13,
1752 863 1800 900 15
1830 862 1935 900 nudo
1965 873 2109 912 cogno-

782 932 887 970 mine
909 931 1052 971 Celsus
1083 932 1239 978 dicitur;
1272 931 1422 970 scholia
1450 931 1504 970 ibi
1534 931 1633 970 nihil
1653 932 1853 981 praebent.
1897 929 2110 980 Inscriptio

782 1000 979 1050 epistulae
1008 1001 1153 1050 prioris
1183 1001 1223 1038 in
1254 1000 1453 1038 codicibus
1473 999 1733 1038 deterioribus
1755 1000 1810 1037 ad
1833 997 1981 1036 Celsum
2002 997 2111 1035 Albi-

781 1081 967 1107 novanum
1002 1074 1045 1106 ut
1074 1081 1144 1119 per
1173 1080 1216 1106 se
1244 1068 1335 1106 fidei
1366 1073 1427 1106 est
1454 1068 1621 1114 nullius,
1657 1067 1714 1105 ita
1742 1067 1920 1105 ordinem
1950 1078 2110 1104 nomen-

783 1138 956 1175 claturae
986 1142 1120 1187 aperte
1150 1136 1372 1186 desumpsit
1400 1149 1451 1174 ex
1481 1136 1677 1186 epistulae
1706 1135 1819 1173 initio

945 1206 1051 1244 Celso
1079 1206 1243 1254 qaudere
1273 1212 1306 1242 et
1334 1205 1421 1241 bene
1450 1217 1525 1242 rem
1552 1216 1679 1253 yerere
1709 1203 1960 1242 Albinovano.
2050 1238 2062 1244 -

783 1273 905 1324 Apud
935 1273 1122 1312 Ovidium
1152 1286 1202 1310 ex
1233 1272 1363 1310 Ponto
1397 1273 1430 1318 1,
1460 1273 1495 1310 9.
1528 1273 1561 1309 1.
1593 1272 1658 1309 41.
1689 1273 1753 1319 44,
1784 1270 1978 1321 siquidem
2007 1270 2111 1308 idem

783 1355 826 1379 re
856 1355 950 1379 vera
976 1341 1193 1388 indicatur,
1228 1341 1321 1378 item
1358 1340 1488 1378 Celsus
1519 1340 1661 1378 dieitur
1691 1339 1934 1390 simpliciter.
1991 1337 2112 1376 Prae·
2139 1375 2141 1377 ,

782 1422 925 1447 nomen
953 1410 1171 1460 ignoratur.

674 1477 937 1516 Albinovanus
961 1477 1066 1515 Pedo
1094 1482 1215 1528 poeta
1244 1477 1392 1527 epicus,
1423 1476 1489 1526 qui
1519 1476 1586 1514 diu
1616 1476 1790 1514 creditus
1818 1481 1880 1514 est
1909 1474 2112 1526 epicedion

783 1546 908 1584 Drusi
938 1546 1212 1596 composuisse
1243 1545 1311 1594 (cf.
1333 1545 1501 1594 Hauptii
1521 1545 1606 1582 eius
1627 1544 1813 1582 carminis
1833 1543 1954 1581 editio
1982 1556 2021 1593 p.
2043 1542 2112 1591 17)

784 1615 832 1652 ab
856 1614 1001 1653 Ovidio
1031 1615 1155 1652 semel
1178 1615 1219 1651 in
1241 1614 1412 1664 epistula
1433 1626 1482 1650 ex
1503 1612 1632 1650 Ponto
1654 1613 1691 1660 4,
1716 1613 1780 1658 10,
1800 1612 1825 1649 4
1857 1611 1976 1662 (quae
1996 1610 2114 1648 etiam

783 1683 975 1732 inscripta
1004 1691 1065 1720 est
1091 1678 1385 1730 ‘Albinovano')
1415 1682 1471 1719 ita
1497 1677 1770 1735 ‘Albinovane'
1801 1679 2044 1730 appellatum
2072 1679 2113 1715 in

785 1751 923 1789 eadem
953 1751 1122 1800 epistula
1151 1763 1188 1787 v.
1212 1751 1262 1788 65
1292 1749 1398 1787 Pedo
1429 1750 1571 1787 dicitur
1600 1749 1773 1798 itemque
1803 1749 1842 1795 4,
1874 1747 1937 1794 16,
1966 1747 2010 1793 6;
2047 1746 2114 1784 ubi

785 1819 898 1856 iuxta
926 1819 1104 1856 Marsum
1135 1826 1173 1856 et
1200 1818 1408 1855 Rabirium
1438 1817 1691 1855 nominantur
1717 1814 1956 1865 ‘Iliacusque
1981 1815 2116 1853 Macer

788 1888 1045 1937 sidereusque
1074 1883 1212 1924 Pedo'.
1258 1886 1358 1924 Item
1388 1886 1493 1935 apud
1515 1884 1703 1924 Senecam
1732 1884 1920 1922 maiorem
1951 1895 1998 1921 eo
2027 1882 2115 1920 loco

787 1956 915 2005 (suas.
949 1956 989 2002 1,
1021 1955 1110 2005 14),
1144 1967 1221 2005 quo
1251 1966 1388 1992 versus
1418 1954 1502 1992 eius
1533 1953 1580 1991 de
1609 1953 1859 2003 navigatione
1889 1949 2118 1990 Germanici

786 2024 1041 2074 proferuntur
1082 2036 1209 2074 nuper
1250 2023 1410 2073 saepius
1445 2022 1602 2060 tractati
1646 2021 1879 2070 (videantur
1913 2016 2116 2068 Hauptius
2142 2014 2147 2020 ’

787 2092 961 2130 Hermae
983 2093 1005 2130 3
1027 2105 1065 2142 p.
1085 2090 1162 2129 208
1176 2103 1244 2138 ss.,
1272 2091 1470 2140 Bergkius
1490 2091 1532 2128 in
1551 2090 1692 2128 indicis
1712 2101 1841 2127 rerum
1863 2088 1912 2126 ab
1931 2087 2117 2136 Augusto
2186 2121 2191 2123 r

787 2167 986 2210 gestarum
1014 2160 1295 2198 retractatione
1324 2172 1361 2209 p.
1385 2159 1449 2196 97.
1475 2158 1586 2208 124),
1613 2158 1716 2195 Pedo
1738 2156 1880 2195 dicitur
1899 2155 2016 2202 nude,
2047 2153 2118 2192 sed

787 2229 894 2279 apud
930 2228 1095 2266 eundem
1134 2228 1223 2265 loco
1259 2240 1338 2264 non
1374 2228 1506 2265 minus
1543 2227 1669 2272 claro,
1706 2226 1774 2275 qui
1803 2230 1864 2263 est
1893 2223 1942 2261 de
1971 2221 2116 2261 Ovidio

787 2298 944 2335 rhetore
974 2296 1170 2346 (controv.
1201 2295 1238 2342 2,
1268 2294 1289 2332 2
1319 2295 1404 2344 [10]
1435 2309 1472 2345 p.
1498 2294 1588 2342 180,
1613 2294 1662 2332 16
1692 2293 1844 2331 Kiessl.
1874 2293 2048 2342 itemque
2076 2290 2118 2327 in

789 2365 988 2415 excerptis
1019 2377 1057 2414 p.
1080 2363 1172 2411 233,
1196 2363 1267 2413 23)
1298 2364 1413 2413 plene
1443 2369 1481 2400 et
1509 2363 1615 2400 iusto
1640 2361 1960 2400 nomenclaturae
1981 2358 2118 2396 ordine

791 2433 1054 2471 Albinovanus
1071 2432 1186 2470 Pedo.
1217 2432 1350 2470 Minor
1368 2431 1518 2471 Seneca
1532 2431 1646 2482 epist.
1668 2428 1758 2476 122,
1778 2430 1826 2468 15
1844 2427 2127 2484 ‘fabulatorem

790 2497 1149 2551 elegantissimum’,
1180 2500 1290 2538 cuius
1322 2500 1370 2537 de
1392 2498 1460 2549 Sp.
1482 2499 1653 2548 Papinio
1681 2492 1917 2547 ‘lychnobio'
1946 2494 2117 2546 lepidam

790 2568 1125 2607 narratiunculam
1162 2568 1297 2615 refert,
1334 2567 1522 2605 Pedonem
1550 2566 1829 2604 Albinovanum
1863 2563 1960 2601 dicit
1991 2560 2119 2599 trans-

790 2637 987 2688 positione
1016 2648 1112 2674 usus
1142 2636 1308 2686 vulgari,
1339 2635 1448 2673 euius
1478 2636 1557 2672 iam
1587 2633 1691 2683 apud
1709 2632 1928 2670 Varronem
1949 2635 1989 2668 et
2009 2628 2119 2668 Cice-

790 2718 927 2743 ronem
957 2704 1139 2754 exempla
1169 2709 1307 2741 extant
1335 2716 1413 2741 non
1433 2703 1544 2740 nulla
1574 2702 1643 2751 (cf.
1663 2699 1901 2739 Mommseni
1920 2698 2119 2748 quaestio-

790 2786 861 2812 nes
892 2773 1095 2811 Romanae
1125 2773 1142 2809 1
1177 2785 1215 2821 p.
1237 2772 1285 2809 41
1319 2771 1407 2809 adn.
1432 2770 1515 2820 67),
1547 2770 1615 2807 sed
1645 2769 1760 2820 plura
1787 2768 1878 2805 inde
1908 2779 1934 2803 a
1961 2765 2118 2804 saeculo

790 2843 919 2892 primo
949 2840 1208 2891 reperiuntur.
1255 2838 1483 2889 Cognomen
1513 2838 1639 2876 solum
1669 2835 1843 2874 contenti
1871 2835 2031 2872 fuerunt
2050 2844 2119 2882 po-

790 2923 883 2948 nere
912 2902 1109 2947 Martialis
1137 2907 1192 2957 (2,
1216 2908 1280 2955 77,
1303 2908 1345 2957 5)
1377 2906 1646 2955 Quintilianus
1670 2904 1727 2954 (6,
1750 2905 1787 2951 3,
1810 2903 1874 2941 61.
1899 2902 1962 2950 10,
1986 2902 2022 2948 1,
2045 2899 2117 2950 90)

791 2978 954 3016 Tacitus
986 2977 1094 3026 (ann.
1120 2977 1155 3023 1,
1179 2975 1268 3025 60):
1299 2976 1454 3014 videtur
1482 2975 1587 3013 enim
1617 2973 1726 3011 Pedo
1755 2971 1977 3023 praefectus
2007 2967 2117 3018 equi-

790 3052 875 3084 tum
906 3044 1154 3091 Germanici,
1183 3056 1299 3094 quem
1328 3045 1382 3082 ibi
1410 3044 1607 3089 nominat,
1636 3054 1679 3079 re
1708 3053 1803 3078 vera
1830 3051 1909 3078 non
1936 3037 2117 3075 diversus

790 3114 916 3153 fuisse
946 3127 970 3151 a
997 3118 1126 3164 poeta.
1176 3113 1355 3162 Apparet
1383 3113 1503 3163 igitur
1532 3117 1575 3149 ut
1601 3111 1643 3149 in
1663 3108 1826 3148 Tibullo
1857 3105 1982 3146 Statio
2011 3103 2117 3142 Mar-

791 3183 876 3220 tiali
904 3181 1086 3220 Iuvenali
1124 3192 1341 3230 cognomen
1378 3185 1518 3231 poetae
1548 3191 1690 3217 nomen
1717 3176 1841 3214 fuisse
1870 3185 1995 3223 usque
2024 3182 2119 3221 qua-

792 3264 870 3301 que
899 3255 1054 3296 notum,
1091 3261 1171 3287 non
1198 3249 1459 3299 gentilicium,
1494 3253 1537 3287 ut
1564 3248 1605 3285 in
1634 3242 1920 3294 antiquioribus
1947 3238 2118 3277 Horatio

795 3319 974 3370 Vergilio
1011 3319 1235 3368 Propertio.
1301 3317 1414 3356 Haec
1449 3317 1539 3355 sola
1578 3313 1723 3355 sufficit
1759 3310 1861 3349 ratio
1897 3307 1948 3346 ad
1984 3307 2120 3346 redar-

2212 2978 2222 3135 ,ξ

2210 3137 2222 3242 ³3
