2190 3704
0 0 518 39 wama-§.m
533 0 686 30 *tr-vr<
703 0 762 31 ‚-:-·
784 0 795 4 -
839 0 850 11 ·‘
935 3 940 5 ·
974 0 990 6 ⁴·
1038 0 1146 32 ἡ.
1206 0 1210 6 ’
1257 17 1264 24 -

189 747 222 785 ⁴

197 916 385 977 ar.

162 1061 498 1154 ‹JYRIAOI
546 1074 1056 1151 ANGOMTANI
1106 1067 1764 1148 INSGRIPTIONVM

207 1200 836 1302 vLESBIAQJWM
886 1195 1260 1274 SYLLOGE
1308 1194 1675 1271 INEDITA.

139 1402 156 1426 .
204 1377 280 1449 ass
860 1405 1064 1412 -—-

82 1521 354 1616 Mazochii
381 1578 710 1628 epigrammatum
740 1577 821 1628 (ed.
841 1577 996 1615 Romae
1016 1575 1141 1625 1521)
1170 1573 1354 1624 exemplo
1382 1573 1476 1611 olim
1506 1573 1549 1611 in
1570 1571 1613 1612 S.
1635 1570 1851 1624 Augustini

82 1646 296 1693 coenobio,
331 1658 436 1684 nunc
470 1646 511 1683 in
550 1646 821 1684 universitatis
849 1644 1092 1683 bibliotheca
1120 1643 1259 1694 (XIV,
1290 1640 1340 1690 Q.
1363 1641 1436 1691 20)
1464 1640 1615 1679 Paviae
1643 1646 1851 1680 asservato

81 1714 126 1753 in
160 1714 270 1753 ealce
304 1714 540 1752 subiunctas
574 1719 668 1752 sunt
700 1713 855 1764 aliquot
880 1712 1165 1763 inscriptiones
1193 1712 1315 1749 manu
1344 1710 1537 1761 scriptae,
1572 1721 1740 1761 graecae
1768 1708 1851 1759 ple-

81 1793 244 1833 raeque,
267 1766 495 1820 'taesbiacae
522 1794 674 1821 omnes.
722 1781 936 1831 Indagavit
963 1780 1068 1819 haud
1097 1779 1311 1830 ignobilem
1340 1779 1443 1816 hanc
1471 1778 1656 1830 syllogen
1685 1779 1853 1816 circum-

83 1854 223 1900 specta
250 1848 454 1888 Theodori
484 1849 708 1888 Mommsen
736 1849 942 1900 diligentia
969 1848 1224 1898 eiusdemque
1256 1847 1329 1885 viri
1358 1847 1505 1899 insigni
1533 1846 1727 1885 beneficio
1754 1845 1853 1898 mihi

81 1917 158 1956 hoc
191 1917 328 1956 datum
362 1923 441 1964 est,
477 1925 520 1956 ut
554 1923 759 1968 comperto
793 1918 910 1968 longe
945 1917 1139 1968 plurimas
1174 1928 1263 1955 esse
1292 1915 1482 1963 ineditas,
1516 1914 1693 1966 reliquas
1722 1905 1851 1955 anim}

0 2010 7 2038 t
83 1980 280 2027 mimine
307 1985 439 2024 fructu
469 1999 519 2024 ex
549 1999 652 2025 novo
681 1987 789 2025 fonte
818 1986 960 2025 iterum
990 1985 1054 2024 edi
1083 1997 1219 2035 posse,
1248 1996 1386 2023 omnes
1413 1990 1610 2034 quotquot
1634 1988 1771 2022 essent
1796 1983 1853 2021 in-

84 2053 323 2105 scriptiones
351 2053 507 2092 ederem
536 2054 743 2104 editasque
772 2054 1013 2093 necessariis
1043 2053 1379 2092 commentariolis
1410 2052 1660 2091 adornarem.

193 2121 326 2160 Rarae
354 2115 466 2160 sane*
479 2134 576 2161 aves
605 2123 734 2161 adhuc
761 2122 872 2161 fuere
900 2122 1006 2160 tituli
1035 2122 1169 2172 graeci
1198 2134 1250 2159 ex
1280 2121 1380 2159 solis
1410 2121 1524 2159 libris
1553 2133 1672 2159 manu
1694 2120 1854 2170 scriptis

84 2189 237 2237 traditi;
267 2189 337 2228 sed
355 2190 596 2229 Mommseui
617 2191 847 2242 exemplum
867 2191 1080 2228 latinarum
1102 2190 1404 2240 inscriptionum
1426 2189 1543 2240 copia
1562 2189 1727 2228 mirifice
1746 2188 1856 2226 illinc

137 2264 202 2296 cta
227 2258 437 2308 probatum
466 2259 823 2297 luculentissimam
854 2259 969 2297 nobis
999 2271 1111 2308 spem
1141 2259 1310 2309 aperuit,
1338 2258 1424 2296 fore
1451 2265 1496 2296 ut
1524 2257 1673 2296 eisdem
1692 2257 1853 2295 tandem

76 2270 314 2377 migentius
342 2327 462 2365 aditis
489 2327 666 2366 fontibus
689 2328 808 2366 etiam
829 2339 1061 2379 graecarum
1082 2334 1287 2376 emergant
1305 2325 1413 2364 haud
1433 2326 1581 2376 exigua
1599 2325 1854 2364 incrementa.

85 2392 258 2444 Cyrinco
275 2395 543 2441 Anconitauo,
569 2395 774 2434 indefesso
801 2402 1143 2434 monumentorum
1164 2395 1548 2445 inscriptionumque
1565 2393 1855 2444 investigatori,

86 2462 175 2500 sive
192 2462 272 2513 ipsi
292 2462 375 2501 sive
395 2463 456 2501 his
475 2463 543 2513 qui
563 2464 648 2502 eius
667 2464 805 2514 copias
824 2464 866 2501 in
887 2476 1003 2502 suum
1024 2476 1143 2502 usum
1162 2468 1458 2509 converterunt,
1485 2462 1526 2500 in
1552 2462 1692 2513 primis
1714 2462 1857 2500 deben-

86 2534 151 2568 tur
176 2541 280 2579 quae
306 2542 450 2581 graeca
477 2543 530 2569 ex
558 2532 765 2570 codicibus
795 2545 901 2570 nova
927 2531 1164 2570 redundant.
1222 2531 1276 2569 Et
1305 2529 1483 2581 Cyriaci,
1519 2530 1589 2580 qui
1617 2542 1723 2568 anno
1751 2530 1850 2567 1431

87 2609 141 2636 ex
174 2597 327 2637 oriente
358 2599 485 2638 redux
519 2611 706 2650 magnum
741 2600 947 2638 titulorum
982 2613 1190 2638 numerum
1225 2598 1451 2650 adportavit
1465 2599 1522 2648 ¹),
1562 2598 1666 2636 hanc
1699 2608 1859 2648 quoque

87 2678 207 2716 quam
235 2667 412 2706 editurus
441 2680 530 2706 sum
559 2667 742 2718 syllogen
771 2680 862 2707 esse
889 2668 1080 2706 iudicarit
1096 2668 1331 2707 Mommsen.
1375 2667 1429 2705 Et
1449 2667 1660 2705 verissime
1684 2665 1857 2716 quidem.

85 2733 227 2786 Longe
254 2735 426 2785 plurima
452 2748 548 2786 pars
577 2742 621 2773 ut
648 2736 732 2774 dixi
762 2736 968 2774 titulorum
996 2737 1144 2774 inedita
1172 2742 1251 2782 est;
1281 2736 1433 2785 aliquot
1456 2741 1588 2773 tamen
1608 2735 1722 2772 novit
1738 2734 1859 2772 etiam

88 2801 254 2841 Boeckh
273 2809 467 2854 anteaque
487 2810 682 2841 noverunt
696 2802 846 2842 Gruter
865 2811 904 2842 et
917 2804 1121 2851 Muratori,
1143 2817 1312 2854 quorum
1332 2804 1401 2842 ine
1421 2803 1556 2842 codice
1575 2802 1761 2840 Palatino
1780 2801 1857 2840 156

89 2869 135 2919 (f.
156 2867 309 2921 14sq.)‚
337 2872 402 2910 hic
422 2871 579 2910 schedis
594 2871 871 2910 Vallicellanis
898 2885 924 2909 a
942 2872 1024 2910 Ios.
1045 2872 1281 2910 Bianchinio
1306 2872 1441 2910 missis
1472 2871 1594 2919 (nunc
1614 2870 1702 2908 cod.
1716 2869 1859 2908 vallic.

91 2935 131 2975 G
149 2938 201 2975 47
230 2938 259 2976 f.
280 2938 332 2976 43
346 2940 453 2989 sqq.)
482 2951 578 2978 usus
608 2946 680 2978 est.
727 2940 776 2977 In
795 2939 983 2978 Palatino
1012 2941 1114 2978 libro
1144 2952 1216 2978 sex
1244 2946 1336 2978 sunt
1364 2940 1498 2991 graeci
1527 2938 1647 2984 tituli,
1675 2937 1862 2994 Lesbiaci

91 3015 228 3043 omnes
257 3004 327 3054 (C.
344 3007 377 3044 1.
399 3006 451 3045 G.
473 3007 593 3045 2171.
616 3007 738 3046 2173.
759 3007 880 3045 2190.
903 3007 1023 3045 2211.
1047 3007 1167 3046 2194.
1191 3007 1318 3056 2172)
1348 3019 1568 3056 omnesque
1594 3012 1756 3056 praeter
1778 3006 1861 3057 pri-

91 3084 200 3109 mum
227 3073 269 3109 in
287 3073 466 3112 Pariana
494 3075 649 3124 sylloge
675 3075 851 3113 redeunt.
896 3075 1108 3113 Praecedit
1126 3088 1179 3113 ex
1199 3076 1321 3113 variis
1343 3075 1605 3125 scriptoribus
1625 3074 1862 3126 deprompta

93 3139 142 3176 dc
159 3138 295 3177 Lesbo
318 3140 452 3178 insula
472 3142 675 3179 adnotatio
695 3143 972 3193 geographica,
1003 3149 1046 3180 ut
1066 3151 1174 3181 certo
1194 3143 1363 3181 consilio
1384 3142 1554 3181 solidam
1572 3142 1860 3182 Lesbiacorum

196 3312 227 3353 ¹)
263 3313 355 3346 vide
380 3314 470 3345 vitae
496 3313 634 3355 Cyriaci
650 3315 949 3349 Scalamontianae
974 3326 1008 3357 p.
1027 3317 1275 3358 Lxxxnsq„
1301 3318 1384 3348 item
1409 3317 1617 3350 Mommseni
1642 3324 1859 3361 conspectum

93 3374 254 3406 itinerum
281 3374 418 3416 Cyriaci
442 3384 626 3418 eorumque
652 3385 738 3418 quae
764 3384 808 3408 ex
834 3378 1088 3409 commentariis
1114 3378 1187 3410 eins
1213 3383 1393 3420 supersunt
1419 3378 1460 3411 C.
1485 3379 1523 3412 Ι.-
1536 3379 1577 3412 L.
1602 3380 1659 3412 111
1683 3391 1717 3422 p.
1737 3380 1860 3413 XXII.

92 3434 234 3468 XXIII.

1534 3501 1553 3537 l

2071 1588 2141 1723 ³³2-
