2222 3594
673 235 883 275 QVAEST.
910 235 1197 271 ONOMA'roL.
1223 239 1258 271 1.
1780 227 1842 273 37

75 345 328 388 ‘CLEPIANVS
415 350 601 400 Ctepiana
628 348 847 400 Auqustina

6 408 8 412 ’
413 418 597 468 Clepiana
626 418 844 457 Secundina
872 418 1091 456 Beneventi
1119 419 1152 456 Ι.
1180 419 1233 457 N.
1259 420 1363 459 1589
1395 421 1465 470 (ex
1494 421 1653 460 schedis
1683 421 1849 473 Gudii).

519 484 580 524 Cf.
615 486 655 525 C.
689 486 841 536 Clepius
874 486 914 525 C.
946 486 971 523 l.
1001 486 1042 523 in
1071 486 1221 525 Piceno
1251 486 1595 528 Servanzi-Collio
1624 503 1663 540 p.
1686 491 1752 528 43.

412 552 595 604 Cleppius
622 553 824 591 Venusiae
853 553 887 592 I.
908 552 961 592 N.
985 553 1079 600 736,
1103 554 1166 592 13.

406 616 579 676 Τιβέριος
608 615 805 660 Κλεπίτιος
838 621 921 659 dux
949 621 1198 660 Lucanorum
1228 622 1269 660 in
1299 625 1498 674 excerptis
1533 624 1702 664 Diodori
1729 625 1796 673 37,
1826 625 1849 664 2

517 689 575 739 (p.
602 689 691 736 172,
717 690 766 728 14
796 689 958 739 Bekk.).

405 757 501 796 Alia
528 770 629 808 quae
658 757 708 796 ad
734 757 927 808 originem
954 758 1125 797 nominis
1145 759 1422 809 explicandam
1448 761 1646 810 proferam
1674 775 1755 801 non
1780 763 1851 801 ha-

405 826 499 873 be03
529 831 663 876 potest
692 826 769 864 loci
799 838 942 864 nomen
972 827 1139 865 subesse
1170 825 1322 877 Clepia.

13 927 20 932 .
82 891 338 933 Gonnum
403 894 454 932 L.
485 893 698 934 Conetanus
732 893 917 932 Proculus
955 894 995 932 in
1031 895 1180 932 tabella
1215 895 1452 933 columbarii
1487 888 1660 936 Romani
1697 898 1849 938 Oxonii

515 967 695 1009 servata,
731 963 799 1000 ubi
829 961 1043 1012 descripsi3
1079 962 1279 1001 Maittaire
1309 976 1448 1001 marm.
1480 963 1615 1003 Oxou.
1644 978 1683 1016 p.
1706 967 1772 1014 39,
1795 967 1848 1006 84
1918 1013 1920 1015 ‚

516 1030 745 1069 Conetanius
774 1030 904 1068 habet.

404 1098 459 1138 Ut
495 1099 535 1136 in
565 1097 787 1150 Calpetano
822 1098 886 1136 hic
923 1110 1079 1148 quoque
1116 1098 1244 1148 siquis
1283 1099 1478 1150 originem
1507 1100 1731 1152 Hispanam
1766 1110 1845 1142 sta-

403 1173 513 1206 tuere
534 1167 642 1213 velit,
670 1166 816 1218 poterit
844 1166 1019 1217 cogitare
1049 1167 1097 1205 de
1118 1165 1339 1217 Cynetibus
1361 1166 1607 1218 Cynesiisve,
1638 1171 1706 1221 qui
1727 1172 1845 1210 etiam

402 1229 523 1273 Κᾶνιοι
560 1235 644 1276 sive
680 1229 833 1271 Koo'vson
870 1234 1053 1272 dicuntur
1089 1248 1113 1273 a
1151 1236 1437 1274 recentioribus
1477 1237 1734 1288 scriptoribus
1774 1239 1845 1289 (cf.

401 1303 660 1343 Munenhoffii
688 1302 861 1340 deutsche
891 1302 1248 1341 Alterthumskunde
1275 1305 1292 1341 1
1325 1318 1364 1354 p.
1391 1303 1467 1342 112
1480 1305 1532 1354 s.)
1561 1305 1603 1343 in
1631 1305 1843 1358 Por-tugal—

400 1372 478 1410 liae
513 1371 674 1422 regione
712 1371 885 1408 maxime
923 1382 1060 1408 versus
1100 1371 1302 1409 meridiem
1343 1372 1422 1410 sita
1460 1373 1555 1410 olim
1595 1373 1842 1424 degentibus.

402 1438 482 1479 Sed
511 1439 576 1478 hic
605 1451 763 1490 quoque
793 1439 920 1489 magis
948 1438 1178 1477 crediderim
1208 1440 1373 1478 subesse
1400 1453 1544 1479 nomen
1574 1442 1736 1492 aliquod
1761 1443 1843 1481 Ita-

402 1509 534 1547 licum.

78 1572 276 1615 Comuvs
405 1576 577 1615 Coranus
606 1575 763 1614 Horatii
794 1581 867 1613 sat.
890 1573 933 1621 2,
955 1575 993 1621 5,
1019 1575 1084 1613 57.
1107 1576 1158 1613 64
1190 1580 1233 1613 ut
1262 1575 1439 1614 Bolanus
1469 1589 1613 1616 nomeu
1642 1578 1718 1617 hoc
1745 1591 1841 1630 gen-

511 1644 580 1682 tile
609 1643 797 1682 habuisse
828 1643 1038 1693 putandus,
1070 1655 1148 1681 non
1178 1656 1408 1695 cognomen.

399 1711 450 1750 L.
482 1711 654 1752 Coranus
689 1710 740 1749 L.
767 1711 806 1759 s.
844 1710 1085 1760 Ste(llatina)
1122 1711 1259 1750 Valens
1293 1713 1402 1751 domo
1440 1713 1659 1761 Graviscis,
1696 1715 1838 1766 mil(es)

509 1778 709 1829 comonis)
739 1778 859 1816 XIII
882 1779 1050 1817 urbanae
1083 1778 1236 1818 Romae
1270 1780 1310 1818 in
1342 1779 1382 1820 S.
1413 1781 1531 1820 Pauli
1561 1788 1676 1821 extra
1704 1795 1839 1822 muros

508 1847 653 1885 Marini
683 1848 781 1885 Arv.
805 1846 898 1884 778.

398 1915 448 1954 L.
469 1913 665 1955 *Coranus
692 1915 852 1954 Ursinus
872 1914 1028 1953 Patavii
1050 1914 1165 1954 Grut.
1189 1915 1282 1963 553,
1305 1914 1328 1953 2
1357 1917 1530 1956 incertus
1551 1922 1613 1956 est
1621 1932 1632 1965 ;
1663 1918 1710 1957 cf.
1736 1918 1838 1958 Fur-

507 1983 679 2022 lanettus
711 1983 789 2032 lap.
820 1982 957 2021 Palae.
988 1995 1027 2033 p.
1053 1983 1143 2022 189.

397 2050 504 2091 Cora
523 2051 761 2090 Volscorum
791 2050 979 2101 oppidum
1010 2056 1144 2089 notum
1175 2063 1225 2089 ex
1254 2051 1370 2089 Livio
1393 2051 1437 2100 2,
1462 2054 1510 2092 16
1541 2059 1580 2091 et
1608 2055 1770 2093 aliunde
1783 2055 1835 2106 ¹).

0 2159 2 2163 ,
64 2116 269 2172 [ΟΟεΑΝῩε
405 2119 448 2159 C.
479 2120 647 2159 Cosanus
680 2119 720 2158 C.
742 2121 778 2168 s.
811 2118 1008 2168 Gal(eria)
1038 2120 1220 2158 Rusticus
1239 2122 1378 2170 flamen
1406 2124 1626 2171 provinciae
1653 2122 1837 2162 Baeticae

507 2200 595 2226 cum
625 2188 711 2226 suis
742 2185 953 2226 Cordubae
982 2185 1030 2226 C.
1051 2187 1084 2224 1.
1105 2187 1152 2225 L.
1175 2187 1217 2225 II
1239 2187 1358 2226 2220.

401 2255 554 2294 Cosano
578 2256 619 2295 C.
638 2257 676 2305 s.
698 2256 901 2294 Rdentina
930 2255 971 2293 in
1000 2256 1127 2307 Aurgi
1157 2256 1304 2306 oppido
1333 2256 1648 2296 Tarraconensis
1678 2259 1835 2308 provin-

506 2324 591 2362 ciae
621 2323 668 2363 C.
690 2324 720 2362 Ι.
743 2323 790 2361 L.
811 2324 855 2361 II
877 2323 997 2362 3373.

401 2391 555 2431 Cosana
589 2392 668 2444 legi
703 2393 820 2430 etiam
856 2391 898 2429 in
932 2391 1077 2430 tabella
1106 2392 1277 2441 quadam
1307 2406 1329 2431 e
1358 2392 1612 2432 columbariis
1642 2394 1833 2434 Romanis

504 2460 745 2499 Londinium
773 2459 967 2498 translata
995 2460 1035 2497 iu
1065 2472 1241 2498 museum
1272 2459 1555 2499 Britannicum.

395 2529 513 2578 Quod
540 2528 580 2566 in
610 2526 817 2568 Ciceronis
844 2528 959 2577 epist.
991 2528 1040 2565 ad
1062 2528 1183 2566 Attio.
1209 2529 1271 2574 15,
1293 2527 1358 2576 29,
1384 2530 1401 2566 1
1433 2529 1579 2579 legitur
1605 2527 1726 2580 ‘quod
1752 2543 1834 2569 cum

400 2597 579 2643 Gaiano,
607 2593 758 2646 optime’
793 2596 867 2646 (ita
894 2596 1034 2642 codex,
1068 2596 1230 2635 Cosiano
1259 2596 1400 2646 vulg.),
1429 2602 1562 2646 potest
1591 2610 1680 2636 cum
1708 2598 1833 2637 edito-

394 2665 503 2703 ribus
538 2664 689 2715 aliquot
724 2665 921 2703 veteribus
956 2664 1099 2701 mutari
1134 2664 1173 2702 in
1206 2661 1407 2711 ‘Cosano'3
1447 2677 1538 2703 nam
1574 2666 1679 2715 quod
1715 2671 1833 2705 antea

396 2733 466 2783 (ad
486 2733 605 2771 Attio.
630 2733 693 2779 15,
715 2731 780 2777 27,
804 2731 845 2781 1)
875 2731 924 2770 de
946 2730 1105 2770 Cosano
1134 2731 1320 2782 quodam,
1349 2733 1374 2770 i.
1396 2745 1431 2770 e.
1459 2732 1584 2770 fundo
1608 2746 1733 2789 prope
1753 2732 1832 2772 Co-

396 2813 482 2839 sam
512 2801 609 2847 sito,
639 2801 762 2838 verba
788 2799 894 2838 facta
923 2806 1015 2838 sunt
1044 2799 1136 2848 (non
1166 2803 1260 2838 enim
1290 2813 1356 2850 eqo
1386 2807 1462 2838 tam
1490 2800 1597 2838 illum
1626 2808 1829 2850 expectare,

394 2871 482 2908 dum
511 2870 556 2906 de
590 2868 738 2907 Cosano
767 2869 918 2914 rediret,
952 2869 1073 2914 debui,
1102 2880 1216 2917 quam
1242 2868 1307 2905 ille
1337 2875 1404 2905 aut
1430 2881 1504 2906 non
1534 2870 1600 2914 ire,
1630 2875 1831 2919 antequam

394 2950 450 2976 me
477 2937 645 2982 vidisset,
674 2943 742 2974 aut
769 2938 877 2974 citius
907 2938 1042 2974 reverti
1070 2935 1176 2984 cet.),
1206 2948 1284 2973 non
1315 2936 1459 2973 obstat.

450 3003 559 3043 Cosa
586 3009 701 3042 vetus
730 3003 953 3042 Tuscorum
988 3003 1175 3053 oppidum
1210 3004 1304 3042 item
1338 3004 1435 3041 satis
1465 3007 1601 3040 notum
1632 3016 1682 3041 ex
1711 3003 1828 3042 Livio

399 3073 462 3120 14,
485 3072 536 3111 58
567 3071 746 3120 aliisque.

0 3262 6 3275 ·
173 3225 205 3267 ¹)
246 3224 414 3264 Coeranus
438 3220 603 3268 Κοίρανος
628 3224 798 3258 Graecum
822 3233 895 3256 esse
920 3223 978 3262 (cf.
1004 3223 1120 3256 doctm-
1145 3224 1330 3267 sapientiae
1358 3221 1527 3255 Coeranus
1551 3223 1643 3265 apud
1668 3224 1828 3258 Tacitum

0 3286 8 3332 ζ
71 3297 151 3320 ann.
172 3288 228 3327 14,
248 3287 320 3327 58),
347 3297 416 3319 uon
432 3286 570 3329 gentile,
597 3290 634 3317 ut
649 3285 843 3317 Fabrettius
859 3285 966 3316 voluit
990 3295 1023 3326 p.
1043 3285 1125 3325 373,
1149 3286 1215 3317 166
1234 3285 1278 3316 ef.
1300 3284 1381 3323 166,
1402 3284 1484 3324 306,
1512 3294 1707 3327 quanquam
1724 3286 1826 3318 etiam

0 3334 21 3507 ἒ
72 3348 229 3382 Coei-ana
252 3348 430 3390 reperitur,
458 3348 515 3379 vix
542 3351 594 3379 est
617 3346 709 3389 quod
734 3355 903 3378 moneam.

2202 2335 2222 2396 πίνω
2195 2232 2222 2327 dulim.
2190 2198 2222 2216 ⁶⁸,
2206 2174 2222 2190 ‘i
