2222 3594
349 211 411 257 58

338 1295 607 1334 IrAmcIAst

1129 219 1326 260 Ht'JBNER

673 340 713 379 C.
742 340 868 378 Iulius
899 341 1099 392 Hispanus
1130 342 1352 381 Baroinone
1383 342 1427 382 G.
1449 344 1481 382 Ι,
1502 343 1549 382 L.
1571 344 1611 382 II
1631 344 1752 383 4556.

669 409 793 447 Iulius
822 409 1024 459 Hispanus
1053 422 1176 460 prope
1206 410 1422 449 Bracarum
1452 410 1497 450 C.
1519 412 1550 450 Ι.
1572 411 1619 451 L.
1639 413 1682 450 II
1702 412 1821 451 2397.

676 477 720 524 Q.
751 477 904 515 Marius
941 478 984 524 Q.
1007 479 1044 528 f.
1075 479 1276 530 Hispanus
1305 478 1519 531 Urgavone
1550 479 1594 519 C.
1615 481 1646 519 I.
1667 480 1714 518 L.
1734 481 1779 518 II
1799 480 1919 519 2117.

673 546 711 584 C.
742 545 948 585 Mummius
982 546 1021 586 Ο.
1049 548 1087 596 s.
1125 547 1323 598 Qua-(ina)
1353 548 1553 598 Hispanus
1589 548 1818 587 Anticariae
1853 547 1897 587 O.
1924 549 1957 587 I.
1985 547 2034 588 L.
2060 549 2102 587 II

781 613 900 653 2025.

669 703 696 720 -.
724 682 898 729 Quintius
925 683 969 730 Q.
981 685 1018 733 f.
1046 684 1089 730 Q.
1111 697 1147 721 n.
1170 690 1234 722 cet.
1261 683 1460 734 Gal(eria)
1480 684 1680 735 Hispanus
1711 684 1919 724 Obulcone
1940 683 1986 726 C.
2002 685 2035 724 Ι.
2051 685 2098 724 L.

778 751 818 788 ΙΙ
843 750 963 789 2129.

669 849 677 857 .
697 847 706 856 .
724 847 733 856 .
753 832 797 857 us
826 819 1030 869 Hispanus
1060 818 1242 858 Gandiae
1271 832 1394 871 prope
1415 819 1638 859 Valentiam
1670 820 1714 860 C.
1737 822 1768 859 Ι.
1791 820 1839 859 L.
1861 821 1904 859 II
1925 820 2044 859 3612.

674 887 857 937 Verqiuia
884 887 1065 937 Hispana
1094 888 1324 926 Mediolanii
1354 887 1399 926 C.
1422 888 1454 926 I.
1475 888 1523 926 L.
1544 889 1581 927 V
1603 889 1722 927 6119.

665 956 814 1006 Ispana
841 955 882 993 in
912 956 1054 993 eastris
1083 955 1270 1006 Legionis
1290 955 1370 994 VII
1399 954 1444 994 C.
1466 956 1498 993 I.
1518 955 1565 994 L.
1586 956 1626 994 ΙΙ
1649 956 1768 994 2680.

666 1023 781 1061 Adde
809 1023 995 1062 Baebium
1022 1024 1240 1074 Hispanum
1275 1029 1314 1062 et
1344 1025 1504 1062 Fabium
1532 1024 1750 1074 Hispanum
1784 1037 1836 1063 ex
1864 1025 1986 1063 Plinii
2018 1026 2100 1076 epi-

666 1084 781 1130 stulis
805 1092 840 1139 1,
863 1090 915 1129 24
935 1097 973 1130 et
994 1092 1031 1139 3,
1054 1092 1091 1139 9,
1113 1103 1158 1129 12.
1204 1092 1250 1130 In
1271 1092 1397 1131 titulis
1417 1092 1640 1142 parietariis
1661 1093 1916 1144 Pompeianis
1938 1092 1983 1138 C.
2001 1093 2033 1131 Ι.
2050 1092 2098 1131 L.

665 1159 726 1197 IV
750 1159 854 1197 1514
875 1164 915 1197 et
939 1159 1039 1198 1848
1070 1160 1200 1211 patria
1219 1159 1417 1211 Hispania
1444 1160 1650 1199 indicatur.
1698 1160 1854 1200 Nomen
1874 1167 1988 1200 extra
2006 1161 2098 1200 His-

665 1228 824 1279 paniam
853 1241 985 1265 rarum
1015 1239 1105 1266 esse
1134 1234 1310 1279 apparet.

667 1296 708 1334 G.
738 1296 866 1335 Vibius
898 1295 939 1334 C.
959 1297 995 1345 s.
1023 1295 1219 1347 Gal(eria)
1247 1297 1458 1335 Porcianus
1484 1297 1660 1344 Quintius
1689 1297 1916 1336 Italicianus
1945 1296 2099 1335 Libiso-

775 1377 913 1412 sanus‚
951 1364 1095 1402 flamen
1130 1364 1359 1414 provinciae
1390 1364 1612 1415 Hispaniae
1648 1365 1841 1404 citerioris
1871 1365 2098 1405 Tarracone
2144 1393 2146 1395 »

776 1431 821 1471 C.
843 1432 875 1469 I.
897 1432 943 1470 L.
964 1433 1006 1470 ΙΙ
1027 1431 1150 1471 4254.

665 1499 768 1539 Cum
783 1500 968 1539 Libisosa
985 1501 1114 1550 patria
1133 1501 1303 1540 hominis
1324 1501 1532 1548 indicetur,
1554 1501 1783 1540 Italicianus
1800 1513 1873 1552 pro
1893 1513 1986 1539 vero
2006 1513 2098 1552 cog·

593 1596 597 1600 -
664 1569 823 1607 nomine
842 1569 1068 1607 habendum
1089 1568 1223 1620 (quod
1241 1582 1266 1607 a
1283 1568 1445 1618 Quintio
1465 1569 1636 1620 quodam
1651 1569 1859 1608 Italieiano
1876 1575 1944 1608 aut
1958 1569 2097 1608 Italico

333 2865 574 2905 LABICANVS

332 3069 533 3110 chAst

665 1636 808 1675 Vibius
838 1637 874 1676 is
904 1643 1038 1687 potest
1066 1638 1283 1676 hereditate
1311 1643 1547 1677 consecutus
1577 1638 1699 1688 esse),
1728 1651 1806 1676 non
1835 1651 1907 1688 pro
1937 1638 2098 1677 alterius

663 1706 816 1756 patriae
844 1705 1095 1752 indicatione,
1124 1718 1225 1756 quae
1255 1718 1343 1745 esse
1373 1706 1508 1744 debuit
1535 1706 1770 1747 Italicensis.
1819 1706 1967 1744 Tribus
1987 1706 2097 1744 Itali·

664 1786 745 1821 cae,
776 1786 879 1823 quae
900 1779 983 1812 tum
1002 1779 1158 1824 praeter
1179 1774 1378 1814 Galeriam
1395 1775 1607 1813 indicanda
1625 1779 1722 1822 erat,
1748 1774 1899 1812 ineerta
1918 1779 1995 1822 est3
2026 1774 2098 1813 sed

663 1842 817 1880 videtur
843 1842 968 1880 fuisse
997 1841 1166 1891 Quirina
1195 1842 1264 1893 (ef.
1289 1841 1335 1882 o.
1356 1843 1389 1881 I.
1410 1842 1456 1881 L.
1478 1843 1541 1880 111
1565 1842 1703 1893 1136).
1748 1841 1832 1880 vix
1861 1832 2097 1880 refutatione

664 1911 824 1961 dignum
853 1916 926 1957 est,
957 1910 1060 1960 quod
1090 1923 1168 1949 non
1197 1923 1288 1949 raro
1318 1912 1437 1949 etiam
1465 1910 1583 1948 hodie
1611 1923 1661 1948 ne
1691 1910 1916 1949 dubitanter
1937 1910 2096 1960 quidem

663 1979 880 2017 affirmatur
909 1978 1050 2028 (veluti
1080 1979 1129 2017 ab
1158 1979 1358 2017 Ellendtio
1387 1980 1429 2017 in
1456 1979 1594 2017 libello
1624 1979 1672 2017 de
1701 1978 1932 2029 cognomine
1961 1966 2000 2018 et
2027 1992 2096 2031 ag-

662 2047 820 2085 nomine
840 2046 1021 2085 Romano
1050 2059 1087 2096 p.
1111 2048 1154 2097 8)
1185 2048 1370 2098 quodque
1388 2047 1581 2098 Hispanis
1612 2047 1758 2085 dudum
1786 2059 1859 2097 pro
1889 2052 1996 2086 certo
2025 2047 2096 2086 ha-

662 2116 788 2162 betur,
819 2115 970 2153 scilicet
997 2114 1138 2155 Silium
1167 2121 1324 2166 poetam
1354 2115 1488 2166 (quem
1517 2128 1622 2154 nunc
1651 2115 1808 2154 demum
1839 2126 1928 2153 sero
1957 2115 2097 2154 moniti

661 2196 686 2220 a
714 2183 961 2222 Mommseno
990 2184 1108 2234 pleno
1137 2185 1295 2222 nomine
1325 2184 1506 2222 novimus
1534 2183 1598 2222 Ti.
1629 2182 1788 2222 Catium
1818 2181 1961 2222 Silium
1987 2183 2095 2222 Itali-

659 2252 779 2290 lieum
818 2252 965 2290 dictum
1000 2252 1126 2290 fuisse
1164 2265 1216 2291 ex
1250 2252 1364 2291 fastis
1401 2251 1709 2291 sacerdotalibus
1747 2251 1852 2302 apud
1881 2250 2094 2291 Gruterum

662 2319 760 2366 300,
795 2321 812 2357 1
853 2334 889 2358 v.
918 2320 967 2370 8)
1007 2333 1057 2358 ex
1093 2321 1235 2359 Italica
1262 2320 1483 2371 Hispaniae
1518 2320 1728 2358 oriundum
1760 2320 1930 2370 ideoque
1962 2319 2096 2359 Italici

660 2400 803 2426 nomen
838 2389 1036 2427 habuisse.
1095 2387 1327 2439 Cognomen
1362 2389 1490 2426 Italici
1530 2389 1571 2426 in
1605 2387 1805 2438 Hispania
1839 2386 1909 2437 (C.
1929 2388 1960 2426 Ι.
1981 2387 2028 2427 L.
2050 2388 2094 2426 ΙΙ

661 2455 739 2494 264
774 2457 877 2495 1038
910 2456 1016 2495 3309
1048 2456 1174 2506 3340)
1210 2464 1250 2494 et
1282 2457 1323 2494 in
1351 2457 1516 2506 reliquis
1545 2456 1760 2506 provinciis
1798 2455 1868 2505 (of.
1897 2456 2002 2494 tituli
2030 2453 2094 2495 Si-

660 2525 846 2563 nuessani
876 2525 980 2574 apud
1002 2524 1234 2562 Henzenum
1256 2524 1361 2563 6178
1393 2531 1431 2563 et
1460 2523 1750 2575 Camponensis
1775 2524 2007 2569 Pannoniae
2035 2524 2094 2562 in-

659 2593 815 2631 ferioris
836 2592 882 2631 C.
903 2593 935 2630 Ι.
957 2592 1003 2630 L.
1023 2593 1090 2630 III
1110 2593 1235 2642 3410)
1264 2593 1306 2629 in
1336 2593 1524 2630 senatorii
1553 2592 1671 2631 etiam
1693 2592 1842 2630 ordinis
1863 2592 2092 2631 hominibus

661 2661 729 2710 (ef.
761 2660 807 2700 C.
834 2661 865 2699 I.
892 2660 940 2699 L.
967 2660 1034 2698 III
1063 2660 1196 2710 6154)
1232 2673 1311 2698 non
1348 2661 1558 2699 admodum
1591 2673 1724 2698 rarum
1753 2666 1832 2707 est3
1867 2661 1917 2698 ab
1945 2660 2091 2710 oppido

660 2735 792 2767 autem
820 2729 980 2776 Italica,
1017 2729 1122 2784 vico·
1139 2728 1233 2766 olim
1271 2734 1544 2766 veteranorum
1573 2729 1802 2767 Italicorum
1830 2726 1903 2777 (C.
1923 2727 1955 2766 I.
1974 2727 2022 2766 L.
2048 2727 2092 2766 II

659 2811 697 2847 p.
722 2797 834 2846 146),
864 2797 1061 2835 ethnicum
1089 2797 1280 2835 formatur
1308 2796 1533 2834 Italicensis.

658 2865 874 2904 Herennius
911 2864 1130 2903 Labicanus
1173 2865 1214 2902 in
1257 2864 1416 2903 laminis
1459 2864 1654 2915 plumbeis
1693 2863 1883 2902 Marruvii
1926 2864 2090 2903 detectis

767 2933 800 2971 I.
822 2932 875 2971 N.
897 2932 1018 2971 5537.

658 3002 863 3041 Iudicatur
892 3001 1062 3039 fortasse
1091 3001 1220 3050 patria
1249 3001 1434 3039 hominis.

661 3070 715 3108 M.
739 3070 920 3108 Annaeus
940 3069 1123 3108 Lucanus
1151 3075 1270 3119 poeta
1297 3068 1498 3118 Hispania
1525 3068 1715 3107 oriundus
1746 3074 1784 3107 et
1810 3069 1875 3108 Cn.
1896 3069 2088 3107 Domitius

767 3136 866 3188 Aser
889 3138 1006 3175 Titius
1036 3137 1247 3175 Marcellus
1281 3137 1440 3176 Curvius
1469 3136 1651 3175 Lucanus
1681 3136 1735 3187 (v.
1765 3136 2000 3175 Mommseni
2028 3135 2088 3174 in-

768 3206 893 3245 dicem
922 3205 1151 3243 Plinianum
1180 3219 1218 3256 p.
1240 3205 1339 3254 409)
1370 3205 1551 3243 celsioris
1580 3204 1782 3255 dignitatis
1811 3204 1897 3242 viri.

658 3275 791 3313 Aelius
821 3274 1004 3313 Lucanus
1040 3274 1220 3312 tribunus
1231 3272 1287 3322 (P)
1317 3273 1487 3324 legionis
1509 3272 1572 3310 III
1599 3273 1807 3322 Augustae
1834 3283 1958 3322 prope
1987 3271 2087 3309 Bro-

769 3354 940 3381 vonacas
970 3343 1010 3380 in
1039 3341 1246 3381 Britannia
1275 3339 1319 3380 C.
1341 3340 1374 3379 Ι.
1394 3339 1441 3378 L.
1464 3340 1543 3378 VII
1564 3340 1655 3378 305.
1970 3352 1978 3364 ³
