2222 3594
2 1030 9 1040 ”’
75 1029 319 1070 Teumnvs

1091 162 1116 174 ,ι

668 238 879 278 QVAEST.
905 207 1193 273 οΝοΜᾏΤοῙ..
1219 242 1253 274 1.
1776 229 1838 276 47

405 351 451 390 Ρ.
476 351 645 390 Tebanns
663 353 710 390 P.
729 354 782 401 f.,
810 353 914 391 Xvir
942 353 1114 392 stlitibus
1140 355 1363 393 iudicandis
1384 356 1582 394 Amiterni
1610 355 1640 393 Ι.
1661 354 1714 394 N.
1736 355 1844 395 5775

514 421 656 458 aetatis
684 426 783 471 puto
810 422 1028 471 Augustae.

404 487 450 526 P.
475 487 648 526 Tebanus
675 489 720 526 P.
741 490 779 538 s.
804 489 912 535 Quir.
939 488 1127 528 Gacinius
1156 489 1347 537 Latiaris,
1377 498 1556 541 quaestor
1584 493 1664 530 clivi
1686 491 1843 538 Claudi,

515 562 562 594 tr.
577 557 652 606 pl„
666 569 745 606 pr„
758 569 834 606 per
852 570 976 596 omnes
996 558 1153 596 honores
1174 559 1402 597 candidatus
1422 560 1679 610 Augustorum
1693 561 1845 599 Aveiae

512 624 545 662 I.
573 623 627 662 N.
654 624 775 663 5983.
837 624 952 663 Vixit
979 627 1014 664 is
1044 626 1167 676 igitur
1195 625 1450 676 Vespasiano
1485 635 1524 666 et
1553 628 1731 667 Traiano
1760 630 1843 667 fere

511 692 810 743 imperantibus.
1587 684 1609 695 χ

402 758 552 798 Notum
583 767 646 798 est
665 761 782 799 tebam
803 759 1040 799 Sabinorum
1061 761 1202 800 collem
1229 762 1465 812 significari;
1496 764 1586 802 vide
1604 765 1842 804 Mommseni

401 827 452 865 de
479 827 572 866 dial.
592 828 642 867 It.
665 828 735 866 inf.
764 841 803 879 p.
827 828 919 868 243.
968 829 1158 868 Eiusdem
1187 830 1358 868 fortasse
1387 832 1554 883 originis
1584 833 1702 871 etiam
1724 834 1844 871 Tibur

406 895 580 934 Tiberius
622 895 718 946 (sed
757 897 934 947 Tiberis)
975 897 1101 947 Rsata
1143 898 1177 934 Τ
1173 900 1335 948 {ser-nun
1379 900 1431 938 cf.
1466 888 1571 938 idern
1607 901 1841 940 Mommseni

399 962 504 1002 liber
531 978 569 1015 p.
591 963 670 1003 299
682 976 714 1002 s.

400 1031 447 1070 P.
472 1032 676 1071 Tebeianuo
691 1033 740 1072 O.
763 1033 788 1071 l.
810 1034 923 1072 Felix
950 1034 1086 1073 Asculi
1111 1035 1152 1072 in
1173 1034 1320 1073 Piceno
1341 1034 1503 1074 Colucci
1524 1038 1659 1075 Ascoli
1684 1051 1722 1089 p.
1749 1038 1839 1077 155.

399 1100 438 1137 A
467 1099 580 1138 'reba
609 1101 726 1139 etiam
756 1101 912 1140 Tebeius
946 1100 1078 1140 Tebeia
1107 1109 1320 1153 potuerunt
1348 1105 1533 1143 derivari.

0 1160 2 1173 ³
36 1166 39 1167 ⁷
74 1162 379 1206 ‘'rusmwws
398 1166 450 1205 L.
485 1168 721 1207 Tesivitanus
756 1169 918 1216 Primio,
954 1171 1062 1209 sevir
1096 1172 1334 1222 Augustalis
1371 1172 1497 1211 Reate
1535 1173 1715 1212 Fabretti
1745 1174 1840 1221 408,

74 1777 314 1829 ’lummvs

0 1939 11 1964 ἓ,
72 1912 279 1957 'haume

0 2071 5 2099 g
46 2036 327 2088 'Tommvs

0 2398 7 2443 ζ
69 2387 286 2428 TnAlAnvs

68 2523 365 2574 Tunvuuvs,

82 2579 336 2620 Tur-:nuum

509 1236 602 1275 333.

395 1303 555 1343 Plinius
576 1304 599 1342 3
630 1305 654 1355 ξ
678 1306 750 1343 111
780 1305 980 1345 Truentum
1000 1320 1080 1346 cum
1101 1320 1209 1346 amne
1236 1337 1246 1346 .
1265 1338 1275 1346 .
1293 1337 1324 1355 .‚
1343 1311 1488 1358 flumen
1509 1310 1667 1356 Albula,
1689 1310 1724 1347 T
1721 1314 1839 1348 essui·

395 1385 483 1410 num
511 1372 587 1422 (ita
604 1373 705 1411 liber
724 1373 947 1421 Parisinus,
974 1375 1008 1412 T
1005 1379 1191 1414 essuinum
1211 1377 1414 1415 Hel-vinum
1434 1377 1644 1416 Leidensis
1664 1378 1839 1417 fortasse

398 1453 449 1478 ex
478 1441 759 1491 dittographia,
795 1442 964 1480 Ter-cium
994 1454 1062 1482 aut
1085 1444 1282 1483 Ten-inum
1312 1445 1440 1495 vulg.)
1469 1459 1543 1496 quo
1564 1447 1701 1495 finitur
1719 1447 1840 1485 Prae-

398 1511 545 1546 tutiana
580 1512 683 1560 regio
719 1517 753 1548 et
786 1510 992 1548 Picentium
1028 1515 1172 1562 incipit.
1237 1511 1338 1551 Cum
1372 1513 1552 1551 Tesmine
1587 1514 1836 1561 Tesivitanuc,

398 1576 432 1614 si
469 1583 575 1615 recte
611 1577 799 1624 traditur,
837 1586 971 1628 potest
1007 1580 1210 1630 componi3
1247 1581 1316 1619 sed
1350 1581 1424 1619 fuit
1452 1581 1621 1620 sortasse
1650 1582 1691 1620 in
1720 1582 1838 1619 titulo

396 1643 570 1683 Reatino
604 1645 846 1684 Tege-uitantis
875 1659 900 1684 a
929 1654 1031 1686 tesca
1061 1654 1191 1699 tesqua
1219 1649 1414 1687 vocabulo
1443 1654 1614 1696 vetusto,
1649 1650 1755 1700 quod
1785 1663 1837 1688 ex

394 1710 565 1751 Horatio
594 1720 728 1752 notum
759 1722 832 1753 est.

407 1779 454 1826 Q.
488 1779 677 1819 Tettianus
713 1782 758 1828 Q.
778 1784 816 1831 s.
848 1782 1012 1822 stabilio
1040 1796 1164 1835 prope
1195 1785 1422 1824 Peltuinum
1452 1785 1484 1823 Ι.
1505 1784 1556 1823 N.
1577 1785 1697 1824 6078.

397 1846 532 1886 Tettia
558 1861 657 1900 gens
687 1855 800 1897 nota3
830 1851 957 1889 locum
987 1852 1169 1891 similiter
1197 1853 1345 1891 dictum
1375 1866 1455 1892 non
1485 1854 1589 1891 novi.

402 1914 578 1954 Roianus
607 1917 790 1957 Silo-ester
817 1916 1011 1958 Luceriae
1039 1921 1072 1958 Ι.
1096 1920 1149 1959 N.
1173 1922 1291 1959 1015.

397 1982 511 2022 Tisia
539 1984 785 2024 Bruttiorum
815 1987 1002 2038 oppidum
1032 2001 1083 2026 ex
1114 1989 1374 2039 scriptoribus
1404 1997 1555 2028 notum.

396 2051 452 2088 M.
483 2052 686 2101 Toselanus
719 2055 892 2094 Catullae
921 2055 1111 2104 lohet-tus)
1141 2056 1354 2095 Murranus
1383 2058 1621 2108 Augustalis

395 2119 451 2158 M.
485 2120 690 2171 Toselanus
718 2122 774 2160 M.
795 2124 834 2171 s.
864 2123 1087 2162 Honoratus
1114 2124 1221 2162 filius
1252 2126 1337 2163 eius

394 2187 581 2236 Toselana
610 2190 796 2228 Murrani
830 2191 1004 2241 lohet-ta)
1036 2193 1251 2231 Fortunata
1286 2192 1458 2232 Suessae
1495 2195 1527 2232 I.
1556 2193 1608 2233 N.
1636 2194 1740 2233 4041
1780 2208 1831 2233 ex

504 2256 710 2296 Fabrettio
730 2259 824 2305 476,
849 2259 940 2306 133,
969 2260 1037 2310 qui
1067 2261 1202 2299 habuit
1231 2275 1282 2299 ex
1311 2262 1467 2300 schedis
1496 2262 1741 2300 Barberinis.

394 2322 713 2375 comparandum
742 2327 912 2365 fortasse
942 2327 1125 2366 Tuficum
1155 2327 1358 2368 Umbriae.

394 2391 444 2430 L.
479 2393 673 2432 Traianus
709 2394 865 2433 Arabus
900 2395 1053 2434 Romae
1089 2396 1198 2436 Doni
1226 2397 1272 2444 3,
1300 2397 1372 2444 67;
1409 2397 1623 2436 Henzenus
1658 2398 1757 2436 vidit
1791 2399 1831 2436 in

501 2473 640 2500 museo
670 2461 911 2513 Capitolino.
969 2463 1045 2501 Est
1073 2465 1161 2502 aevi
1191 2464 1445 2503 Diocletiani.

394 2527 444 2566 L.
466 2528 673 2567 Treblanus
694 2530 743 2568 L.
766 2531 791 2568 l.
812 2531 978 2569 Acastus
1006 2544 1131 2582 prope
1159 2533 1387 2583 Aquileiam
1418 2532 1464 2571 C.
1485 2533 1515 2571 Ι.
1537 2533 1584 2572 L.
1606 2535 1626 2571 I
1651 2535 1750 2572 1461
1778 2551 1826 2566 =

502 2597 540 2636 V
563 2598 667 2637 1418
698 2598 852 2637 circiter
881 2600 970 2637 aevi
1000 2601 1185 2650 Augusti.

396 2664 438 2702 Τ.
472 2665 678 2704 Preblanus
706 2667 891 2705 Merzana
919 2667 1013 2716 (sic,
1042 2680 1261 2718 cognomen
1289 2670 1540 2719 peregrinum
1571 2670 1657 2708 sine
1687 2671 1829 2720 dubio)

499 2733 653 2772 Romae
683 2733 844 2773 Guasco
873 2747 974 2773 mus.
1006 2735 1104 2786 Cap.
1130 2738 1229 2783 898;
1259 2737 1357 2774 vidit
1384 2737 1614 2776 Henzenus.

341 2775 343 2778 ι
390 2799 440 2837 L.
476 2801 713 2840 Trebulanus
742 2803 958 2853 Pamphilio

390 2867 433 2905 T.
464 2869 499 2905 T
495 2869 698 2922 rebulankus
727 2871 838 2909 Felix

391 2935 446 2973 M.
481 2937 729 2987 Trebulan[us
757 2967 767 2976 .
785 2968 794 2976 .
813 2969 823 2976 .
841 2939 868 2988 .]
905 2940 945 2976 in
979 2939 1095 2978 fastis
1124 2941 1280 2991 collegii
1313 2941 1591 2990 Augustalium
1622 2942 1825 2980 cuiusdam

498 3017 551 3042 ex
579 3018 677 3055 agro
705 3006 887 3044 Romano
915 3007 1079 3044 Henzen
1102 3008 1220 3046 7165.

396 3071 435 3108 Τ.
466 3071 700 3111 Trebulanus
734 3074 774 3110 T.
796 3075 833 3122 f.
869 3073 1071 3123 Cam(ilia)
1098 3074 1242 3125 Nepos.

394 3138 434 3175 T.
470 3139 703 3178 Trebulanus
738 3140 780 3178 T.
811 3141 873 3179 lib.
905 3142 1036 3191 Nepos
1067 3143 1291 3180 sacerdotes
1321 3143 1506 3181 Herculis
1535 3144 1687 3182 Tibure
1715 3144 1824 3184 Hen-

498 3219 571 3243 zen
602 3206 721 3244 6065.

390 3273 446 3310 M.
480 3273 715 3312 Trebulanus
746 3303 866 3312 .....
897 3274 1061 3326 Capuae
1091 3277 1124 3313 Ι.
1146 3276 1197 3314 N.
1220 3277 1339 3315 3843.

391 3341 605 3379 Trebulano
633 3341 785 3379 Iustina
812 3342 1029 3383 Beneventi
1058 3343 1091 3380 I.
1113 3342 1164 3380 N.
1190 3340 1306 3381 1400.
