2222 3594
42 1175 259 1217 mevs

43 1722 340 1763 VAvxvaAst

41 1859 233 1900 Vnums

3 2401 6 2403 ’
38 2402 328 2445 Vnunnmws

39 3217 321 3259 Vnius-minvs

289 0 305 9 Γ
411 0 480 17 .·-·«“
498 0 670 24 *ff-2:311*
690 0 713 5 '·
751 3 793 54 ᾗ
849 0 863 3 ’·
935 0 945 4 ·
1008 0 1010 4 ’
1085 0 1087 2 ·
1116 0 1118 2 ·

386 54 393 62 s
593 54 599 60 “
781 53 787 59 ¹

633 245 844 286 QVAEST.
870 246 1155 285 onomTOL.
1182 250 1216 283 1.
1746 242 1810 288 49

371 358 414 397 T.
449 358 650 399 Moenus
678 361 836 400 Hermes
872 348 914 400 in'
949 363 1084 401 tabula
1119 365 1282 415 vigilum
1322 380 1358 405 a.
1385 367 1463 406 203
1501 368 1812 409 Kellermannus

479 427 559 479 vig.
584 427 648 476 12,
671 428 720 467 27
742 429 856 481 legit;
886 429 1101 470 Henzenus
1122 438 1161 471 et
1181 432 1433 475 Bormannus
1463 435 1508 475 C.
1529 437 1563 476 Ι.
1583 437 1631 476 L.
1652 437 1710 476 VI
1732 436 1812 477 220

484 495 704 536 Tuticanius
732 498 888 537 habent.

375 561 418 601 C.
442 563 649 604 Tutin-anus
669 565 901 606 Saturninus
921 567 962 606 in
991 567 1031 605 in
1051 568 1267 620 diplomate
1287 571 1447 610 militari
1478 586 1514 611 a.
1534 573 1611 612 108
1644 572 1689 613 C.
1710 574 1743 613 1.
1764 574 1812 614 L.

477 631 556 681 III,
585 644 689 672 xxiv
718 634 821 673 inter
850 640 991 683 testes;
1022 638 1229 687 genetivus
1261 639 1433 679 Tuticani
1461 641 1581 680 etiam
1611 642 1813 682 Tuticanii

479 711 568 738 esse
603 707 756 752 potest,
792 709 836 741 ut
868 704 1040 754 genetivi
1076 707 1279 745 nominum
1318 708 1358 745 in
1395 711 1455 747 ius
1491 722 1648 761 semper
1684 712 1815 751 solai

479 769 704 808 scribuntur
732 771 774 809 in
802 771 1033 822 diplomatis
1063 773 1157 813 illis.

369 835 649 876 Forcellinium
671 844 832 878 secutus
855 838 1135 880 Schfimannus
1155 842 1233 880 iam
1264 856 1298 882 a.
1325 843 1429 883 1840
1459 845 1500 884 in
1519 855 1811 898 programmate

368 905 416 943 de
444 905 620 945 meddice
640 907 764 946 tutico
796 907 952 959 (opusc.
976 909 998 947 3
1030 923 1068 960 p.
1091 908 1191 959 425)
1221 910 1406 951 Tuticani
1427 927 1568 953 nomen
1590 917 1814 966 composuit

367 985 457 1012 cum
482 973 743 1025 Hirpinorum
771 976 931 1027 oppido,
961 977 1066 1027 quod
1097 978 1173 1016 fuit
1201 978 1340 1029 Equus
1361 980 1526 1021 Tuticus
1557 983 1613 1034 (v.
1645 985 1814 1023 Momm·

367 1041 453 1080 seni
483 1042 577 1080 dial.
608 1043 658 1081 It.
688 1043 758 1082 inf.
787 1057 824 1094 p.
849 1044 967 1095 304),
1006 1046 1119 1085 cuius
1155 1058 1298 1086 nomen
1334 1049 1385 1087 ab
1416 1049 1522 1089 Osco
1559 1058 1664 1090 touta
1693 1046 1813 1091 κοινόν

366 1109 639 1151 derivandum.

369 1177 545 1218 Variana
570 1179 613 1218 C.
634 1182 671 1231 s.
697 1179 808 1220 Gaea
836 1180 989 1221 Romae
1019 1181 1064 1222 C.
1086 1183 1119 1222 I.
1142 1183 1188 1223 L.
1211 1183 1231 1222 Ῑ
1255 1185 1358 1224 1097
1390 1186 1572 1227 lectionis
1602 1201 1682 1229 non
1712 1191 1812 1230 satis

479 1253 620 1287 certae.

366 1314 417 1354 L.
445 1315 636 1356 Varianus
655 1317 807 1357 Romae
828 1318 867 1356 in
890 1331 1026 1358 museo
1038 1318 1232 1359 Vaticano
1252 1322 1346 1371 qall.
1365 1323 1442 1374 lap.
1461 1325 1593 1376 suppl.
1611 1333 1762 1378 parent.
1778 1328 1812 1376 1,

478 1385 691 1436 descripsit
719 1385 947 1426 Henzenus.

365 1450 492 1490 Varia
526 1453 567 1491 in
603 1452 762 1494 Sabinis
796 1467 846 1493 ex
876 1455 1048 1494 Horatio
1078 1457 1192 1507 epist.
1220 1459 1254 1506 1,
1279 1459 1341 1506 14,
1364 1460 1386 1497 3
1419 1467 1513 1499 nota
1541 1468 1611 1501 est.
1663 1463 1812 1504 Vareia

365 1519 585 1572 Hispaniae
614 1521 925 1563 Tarraconensis
961 1524 1042 1574 (ita
1077 1539 1150 1576 pro
1183 1526 1301 1565 Varia
1336 1528 1425 1566 libri
1457 1529 1578 1568 Plinii
1613 1532 1752 1581 optimi
1784 1534 1807 1572 3

366 1586 482 1637 §213
517 1589 737 1629 Ptolemaei
765 1589 809 1639 2,
831 1592 877 1649 6,
900 1593 951 1631 55
982 1587 1169 1647 Οὖιίρεια)
1198 1602 1332 1645 potest
1362 1597 1514 1647 origine
1542 1611 1620 1637 non
1650 1600 1811 1640 diversa

365 1656 511 1704 fuisse3
538 1670 630 1696 nam
661 1659 779 1697 etiam
807 1659 970 1699 Vareius
998 1661 1144 1711 gentile
1173 1670 1331 1713 praeter
1360 1665 1497 1704 Varios
1526 1669 1733 1718 reperitur.

364 1723 410 1762 P.
438 1725 695 1766 Vavisulanus
723 1727 764 1765 T.
786 1728 823 1776 s.
854 1729 894 1766 in
923 1729 1045 1767 Ramo
1075 1731 1116 1768 da·
1146 1731 1259 1770 Freto
1289 1745 1414 1783 prope
1442 1734 1635 1775 Mutinam
1667 1738 1806 1778 bullen.

479 1793 568 1832 dell’
596 1797 682 1833 inst.
717 1795 820 1834 1856
850 1809 888 1846 p.
913 1797 978 1836 50.

368 1859 412 1899 C.
439 1861 605 1901 Veiamts
627 1862 668 1902 C.
701 1863 725 1900 l.
746 1863 940 1915 Epaphra
966 1867 1203 1917 Augustalis
1233 1868 1274 1907 in
1304 1869 1410 1908 Foro
1433 1869 1659 1923 Sempronii
1689 1873 1806 1915 Grut.

477 1929 568 1976 150,
590 1930 615 1968 4
637 1947 686 1963 =
709 1930 888 1971 Fabretti
908 1933 1002 1981 406,
1025 1935 1118 1982 316,
1147 1936 1215 1986 qui
1245 1937 1353 1976 vidit.

362 1995 415 2035 L.
441 1997 605 2037 Veianus
625 1998 674 2037 L.
692 2000 729 2049 s.
756 1999 892 2040 Vitatis
923 2008 1134 2043 veteranus
1165 2018 1214 2043 ex
1245 2006 1406 2045 cohorte
1435 2010 1635 2058 praetoria
1653 2011 1806 2052 Romae

471 2065 733 2106 Kellermann
753 2068 841 2120 vig.
868 2070 957 2109 148.

361 2133 406 2172 P.
440 2133 570 2173 Veiani
598 2135 756 2175 Proculi
783 2137 824 2175 in
854 2138 1044 2178 laterculo
1074 2154 1109 2179 a.
1134 2140 1212 2179 210
1243 2141 1290 2181 C.
1310 2142 1344 2180 Ι.
1365 2142 1414 2181 L.
1435 2144 1493 2183 VI
1518 2146 1621 2185 1067
1654 2147 1711 2197 (l,
1734 2160 1806 2196 1213

471 2202 575 2252 apud
605 2202 930 2244 Kellermannum
952 2207 1043 2259 vig.
1068 2210 1104 2256 1,
1126 2208 1164 2257 2,
1187 2221 1221 2247 2⁷
1252 2211 1354 2249 male
1385 2213 1520 2252 Velam·
1548 2215 1768 2267 scribitur).

361 2269 578 2310 Beneventi
613 2284 741 2323 pagus
771 2273 947 2314 Veianus
984 2282 1068 2315 erat
1106 2277 1165 2327 (Ι.
1186 2277 1239 2317 N.
1265 2280 1367 2318 1487
1393 2298 1441 2312 =
1470 2280 1636 2321 Henzen
1658 2285 1803 2336 5168);

362 2344 519 2388 praeter
538 2339 762 2380 Tuscorum
783 2341 906 2382 Veios
935 2343 1104 2384 sortasse
1134 2346 1246 2385 locus
1267 2347 1367 2385 Veia
1396 2349 1527 2387 dictus
1557 2352 1699 2391 extitit.

365 2405 518 2458 Cippus
554 2409 775 2448 terminalis
804 2410 958 2451 Romae
994 2414 1034 2451 in
1066 2414 1181 2453 vinea
1199 2415 1318 2454 Virili
1348 2429 1372 2454 a
1400 2416 1548 2457 Rossio
1579 2419 1804 2473 descriptus

364 2475 463 2514 haec
493 2476 613 2515 habet

904 2537 1213 2676 vsrmsmnonxj

903 2615 1114 2645 INFRONTE
1143 2619 1174 2644 P·

364 2679 535 2719 Enotavi
571 2694 622 2719 ex
657 2682 814 2722 schedis
843 2683 1036 2724 Henzeni.
1095 2687 1226 2726 Fundi
1261 2689 1379 2739 igitur
1408 2690 1557 2729 domini
1578 2692 1802 2732 Velineiani

365 2747 472 2794 dicti,
501 2750 607 2798 quod
637 2763 791 2799 nomen,
821 2764 900 2791 non
929 2766 1148 2804 cognomen
1178 2756 1302 2795 fuisse
1331 2759 1538 2807 probabile
1568 2766 1641 2799 est.

420 2815 590 2856 Velinus
616 2818 727 2857 lacus
756 2824 796 2857 et
822 2821 968 2860 fluvius
996 2835 1121 2873 prope
1149 2824 1274 2863 Reate
1306 2825 1438 2875 (cuius
1468 2839 1555 2865 cum
1577 2827 1695 2867 Velia
1722 2829 1802 2867 Ro-

363 2897 450 2922 mae
486 2891 526 2923 et
561 2886 599 2923 in
629 2886 809 2926 Lucania
836 2901 979 2928 nomen
1009 2898 1276 2941 comparatum
1309 2899 1386 2941 est,
1427 2895 1474 2932 cf.
1508 2894 1730 2935 Corssenus
1760 2899 1800 2935 in

363 2951 515 2990 Kuhnii
554 2955 761 2994 annalibus
788 2956 810 2993 3
841 2970 878 3006 p.
902 2956 1007 3007 260)
1037 2960 1198 3009 saepius
1230 2962 1494 3000 nominantur.
1551 2964 1650 3001 Inde
1680 2965 1799 3004 etiam

363 3019 528 3067 Velina,
567 3023 673 3071 quod
711 3023 837 3062 tribus
873 3036 1016 3063 nomen
1046 3039 1133 3065 esse
1163 3034 1298 3066 notum
1329 3035 1407 3077 est,
1448 3037 1486 3067 et
1515 3030 1699 3070 Velineia
1734 3033 1802 3083 (ut

364 3086 476 3124 'reba
514 3094 552 3125 et
580 3089 753 3139 Tebeia)
789 3092 875 3128 fieri
908 3097 1138 3142 potuerunt3
1169 3095 1327 3134 Velleia
1362 3104 1401 3135 et
1436 3098 1579 3137 fundus
1606 3099 1799 3139 Vellanus

364 3153 507 3204 (prope
536 3155 766 3195 Histonium
794 3157 958 3196 Henzen
981 3159 1107 3210 6432)
1138 3162 1322 3201 similiter
1352 3164 1530 3203 derivata
1559 3172 1662 3205 sunt.

368 3221 414 3268 Q.
445 3222 684 3272 Venafranus
713 3225 862 3263 Probus
893 3225 1030 3265 Casini
1059 3228 1092 3266 I.
1116 3229 1167 3267 N.
1189 3231 1297 3268 4300
1336 3232 1399 3281 (in
1429 3233 1563 3284 lapide
1592 3240 1652 3274 est
1681 3236 1799 3276 Vena-

465 3291 582 3339 sram'
609 3293 851 3343 genetivus).

1474 3371 1500 3407 4
