2222 3594
921 1132 1529 1207 ADDITAMENTA

727 1266 828 1320 AD
870 1266 1214 1323 CORPORIS
1253 1267 1594 1322 VoLVMEN
1632 1267 1671 1320 1.

332 1566 426 1607 296
466 1568 614 1607 tabella
651 1569 801 1608 ahenea
835 1583 918 1620 rep.
955 1570 1107 1609 Romae
1148 1571 1211 1609 vel
1252 1574 1293 1608 in
1328 1581 1423 1620 agro
1453 1568 1635 1607 Romano
1674 1571 1785 1605 extat
1825 1565 1933 1617 apud
1968 1565 2096 1617 Capo-

329 1636 556 1674 bianchium
573 1651 717 1676 'rerum
747 1639 1000 1689 antiquarum
1028 1638 1266 1677 institorem.

440 2435 667 2485 Descripsit
699 2434 996 2483 Gamurrinius;
1045 2435 1258 2474 Henzenus
1289 2435 1454 2474 contulit
1493 2435 1693 2485 ediditque
1722 2434 1834 2473 Bull.
1871 2436 1959 2472 inst.
1989 2433 2093 2472 arch.

333 2503 439 2542 1874
468 2518 506 2555 p.
539 2504 604 2543 82.

436 2571 562 2610 ‘Albsi
582 2572 727 2610 dietum
758 2579 819 2611 est
846 2585 920 2623 pro
949 2572 1095 2619 Athesi,
1124 2572 1293 2610 Albensi.
1352 2571 1416 2610 De
1446 2572 1609 2610 elisione
1631 2571 1824 2609 vocalium
1852 2572 1893 2609 in
1913 2581 2094 2608 sermone

324 2638 572 2691 ‘praesertim
616 2640 966 2679 Praenestinorum
1010 2647 1188 2678 veterum
1231 2641 1281 2678 cf.
1321 2640 1479 2677 Ritschl
1524 2640 1659 2677 Rhein.
1696 2640 1800 2677 Mus.
1831 2652 1867 2676 π.
1898 2638 1945 2676 F.
1989 2637 2090 2676 1861

325 2708 376 2759 ‘p.
410 2709 461 2747 60
493 2721 602 2758 seqq.
655 2730 705 2735 —
766 2707 866 2747 Cum
906 2709 1021 2746 Albsi
1043 2714 1157 2758 patre
1195 2708 1378 2746 videntur
1406 2715 1512 2746 recte
1541 2708 1726 2758 componi
1752 2708 1950 2754 Reatinus,
1989 2705 2094 2744 Tibe-

325 2775 458 2822 ‘rinus,
491 2777 686 2826 Turpenus
711 2773 847 2827 pater.³
906 2777 971 2814 W.
1002 2776 1055 2814 H.

331 3066 424 3105 297
454 3066 717 3117 fragmentum
745 3066 890 3116 lapidis
921 3065 1121 3104 Tiburtini
1150 3066 1294 3104 litteris
1342 3065 1509 3104 vetustis
1546 3065 1700 3103 Romae
1743 3077 1880 3103 mense
1925 3063 2088 3104 Octobri
2159 3058 2162 3062 ’

385 3135 478 3173 anni
519 3134 621 3173 1873
660 3140 880 3172 extractum
918 3127 968 3172 ex
1017 3147 1130 3172 muro
1167 3135 1337 3184 quodam
1379 3139 1511 3172 vetere
1546 3146 1671 3183 prope
1700 3133 1859 3171 domum
1895 3131 2087 3171 curatoris

383 3202 525 3240 aerarii
573 3203 722 3252 publici
771 3202 978 3252 (ministare
1015 3203 1110 3240 delle
1139 3202 1328 3252 finanze),
1378 3214 1478 3251 quae
1526 3202 1720 3239 ext-ruitur
1766 3201 1867 3239 inter
1915 3201 2087 3251 plateam

384 3272 425 3308 di
476 3271 639 3308 Termini
692 3276 731 3308 et
773 3277 929 3321 portam
978 3270 1093 3308 Piam
1145 3270 1195 3307 ad
1243 3270 1347 3308 viam
1390 3270 1486 3307 olim
1529 3270 1570 3307 di
1598 3275 1715 3319 porta
1744 3268 1850 3316 Ρτά,Δ
1901 3279 2005 3306 nunc
2033 3265 2088 3305 de’

382 3341 481 3376 venti
510 3338 720 3377 Settembre.
