2222 3594
395 275 418 320 1
429 273 492 319 74
644 272 647 274 ’
1146 286 1363 322 oonssEN
1377 291 1388 320 ε

390 401 719 454 praecedentibus
755 401 881 440 titulis
918 402 1137 453 colligitur,
1175 401 1412 442 Castricium
1449 409 1488 442 et
1525 379 1765 453 Spuricium⁴
1785 403 2055 453 Pompeianos
2092 409 2158 442 aut

391 470 526 520 aliquo
546 470 678 508 officio
697 470 763 508 vel
782 482 901 520 opere
929 470 1086 508 functos
1117 482 1219 518 esse,
1250 477 1317 509 aut
1346 471 1544 509 officinam
1564 471 1625 509 vel
1652 471 1844 509 fabricam
1864 471 1926 509 vel
1954 472 2157 510 tabernam
2198 477 2222 507 a

395 539 722 590 qualemcumque
750 538 937 576 habuisse
966 538 1007 576 in
1037 538 1216 586 aedibuS,
1243 539 1311 577 ubi
1340 539 1536 577 habitaret
1556 537 1698 577 Vibius
1730 537 1887 578 Sehius.

397 787 471 827 33.
530 788 580 826 In
609 787 794 826 columna
821 788 1000 838 porticus
1037 786 1111 826 fori
1145 799 1250 825 nona
1285 786 1330 837 (a
1357 786 1543 837 basilica)
1580 786 1731 826 ordinis
1762 787 2034 826 meridionalis
2064 789 2160 828 inte·
2188 759 2222 846 ᾗ

447 856 566 895 rioris
594 857 715 895 rubro
745 855 879 895 colore
907 857 949 894 in
977 856 1060 894 tofo
1089 856 1218 906 pictus
1249 859 1309 893 est
1337 855 1494 894 titulus:

1128 944 1409 994 vaamunim
1764 961 1766 964 ¹
2193 901 2222 967 ᾗ

1124 1027 1407 1066 Vamoniorum
1439 1026 1493 1077 (Ρ)
1821 1023 1829 1026 ’
2194 998 2222 1050 ³31³

395 1121 452 1159 ita
480 1126 525 1158 ut
554 1120 734 1170 singulae
764 1119 921 1157 litterae
951 1119 1035 1157 eius
1065 1120 1107 1157 in
1138 1119 1306 1169 singulis
1337 1119 1444 1157 striis
1476 1118 1661 1158 dimidiae
1695 1119 1819 1169 partis
1849 1120 2054 1158 columnae
2085 1120 2166 1159 dis·
2189 1047 2222 1169 ὲ

395 1189 551 1239 positae
581 1189 673 1226 sint.
731 1188 779 1228 In
811 1188 938 1225 altera
969 1187 1131 1225 dimidia
1164 1191 1275 1237 parte
1312 1187 1395 1225 eius
1425 1188 1631 1225 columnae
1666 1188 1804 1226 eadem
1832 1189 1987 1227 ratione
2015 1189 2197 1239 pictum

395 1264 459 1296 est
486 1256 676 1295 Latinum
707 1256 940 1293 vocabulum
979 1256 1119 1302 Victor,
1157 1256 1213 1293 ita
1246 1261 1288 1293 ut
1307 1255 1423 1293 huius
1453 1255 1588 1293 littera
1615 1267 1642 1293 v
1671 1256 1712 1293 in
1741 1256 1876 1294 eadem
1907 1257 2005 1294 stria
2033 1258 2204 1306 posita

397 1326 450 1364 sit
480 1338 526 1363 ac
555 1325 687 1363 littera
715 1323 846 1374 prima
872 1335 889 1361 :1
921 1323 1104 1361 vocabuli
1132 1323 1239 1361 illius
1270 1322 1378 1370 Osci,
1409 1323 1586 1369 Fiorelli,
1620 1323 1754 1361 Giorn.
1783 1325 1820 1362 d.
1844 1337 1943 1363 scav.
1967 1326 2004 1363 d.
2026 1325 2207 1384 Pomp

405 1394 488 1432 Vol
510 1393 546 1431 I.
577 1393 698 1438 1850,
724 1405 767 1442 Ρ.
791 1392 853 1437 X,·
883 1394 931 1441 os.
957 1405 999 1442 Ρ.
1025 1391 1101 1429 XI.
1151 1390 1258 1429 Mon.
1288 1393 1408 1441 epiyr.
1430 1390 1566 1440 Pomp.
1598 1392 1670 1429 tab.
1695 1392 1748 1438 X,
1770 1393 1804 1438 1,
1827 1406 1869 1442 Ρ.
1891 1394 1949 1439 11,
1981 1393 2083 1432 unde
2117 1393 2163 1432 G.

401 1461 601 1507 Garrucci,
635 1461 761 1510 Teyol.
784 1460 940 1499 Cuman.
971 1472 1038 1497 con
1067 1472 1202 1509 rappr.
1222 1460 1333 1508 yraffi
1356 1472 1374 1496 e
1403 1459 1498 1509 leyy.
1523 1459 1610 1497 Osc.
1636 1472 1679 1509 Ρ.
1702 1462 1728 1498 8
1748 1473 1804 1510 sq.
1850 1461 2034 1508 Fabretti,
2067 1461 2108 1499 G.
2129 1461 2164 1500 I.
2193 1465 2219 1539 ᾗ

397 1530 489 1568 Ital.
512 1536 536 1567 t.
555 1529 655 1576 LII,
680 1528 803 1575 2803,
834 1528 900 1566 ubi
930 1540 1002 1578 pro
1028 1526 1155 1567 Victo'r
1176 1527 1368 1576 scriptum
1399 1534 1459 1565 est
1487 1529 1659 1575 victoria,
1691 1529 1740 1576 cf.
1761 1528 1944 1575 Enderis,
1974 1529 2167 1568 Formoul.

399 1600 436 1636 d.
461 1597 552 1636 Osk.
576 1596 665 1647 Spr.
696 1610 733 1634 η.
760 1595 993 1641 XXXVII,
1029 1595 1077 1641 6;
1109 1617 1164 1622 -—
1193 1595 1491 1645 Zanyemeister‚
1530 1595 1652 1633 Inscr.
1680 1608 1770 1645 par.
1795 1596 1926 1646 Pomp.
1957 1596 1998 1636 C.
2020 1596 2053 1633 I.
2075 1592 2167 1636 Lat.
2191 1539 2219 1640 ἐξ

398 1666 477 1713 IV,
496 1666 594 1712 674,
615 1671 690 1702 not.
714 1685 766 1692 —
788 1663 955 1701 Fiorelli
976 1664 1094 1701 etiam
1114 1663 1157 1701 in
1178 1663 1257 1701 alia
1277 1663 1461 1701 columna
1491 1663 1667 1701 eiusdem
1697 1664 1876 1714 porticus
1902 1664 2000 1716 legit
2021 1670 2169 1703 utram·
2183 1626 2219 1752 ξ

400 1747 478 1784 que
509 1746 644 1772 vocem
674 1734 890 1771 vaamum'm
919 1738 958 1770 et
983 1732 1109 1771 Victor
1139 1730 1293 1781 (Giorn.
1326 1732 1351 1769 l.
1374 1744 1404 1769 c.
1430 1745 1472 1782 Ρ.
1494 1731 1573 1782 X).
1620 1728 1769 1770 Contra
1787 1732 2084 1782 Zangemeister
2102 1745 2169 1771 vo·
2179 1735 2217 1774 a

400 1802 586 1841 cabulum
623 1801 751 1840 Victor
783 1800 905 1838 semel
932 1804 1086 1838 tantum
1115 1800 1265 1849 pictum
1294 1799 1455 1847 invenit,
1487 1805 1528 1837 at
1556 1802 1771 1838 vaamum'm
1801 1800 1972 1839 affirmat
2004 1774 2217 1851 „repeti-{133

404 1877 486 1908 tum
516 1870 558 1908 in
588 1874 773 1919 quattuor
803 1869 995 1906 columnis
1024 1868 1260 1918 propinquis
1292 1867 1351 1917 (in
1382 1875 1508 1914 sexta,
1539 1867 1605 1906 ubi
1636 1880 1709 1917 pro
1728 1878 1755 1906 v
1776 1868 1950 1906 fortasse
1979 1874 2111 1908 exstat
2130 1837 2217 1924 vs&

402 1940 443 1977 in
473 1944 632 1984 octava,
670 1938 710 1974 in
741 1936 923 1987 angulari
959 1936 1135 1974 eiusdem
1174 1942 1212 1973 et
1247 1936 1452 1973 orientalis
1483 1935 1632 1973 ordinis
1668 1941 1707 1974 et
1735 1936 1775 1973 in
1805 1937 1991 1986 proxima
2019 1938 2069 1979 ab
2098 1919 2211 2038 haciffs

401 2006 603 2045 meridiem
618 2017 760 2043 versus
785 2004 933 2042 ordinis
957 2003 1195 2053 orientalis),
1215 2004 1284 2042 sed
1301 2016 1350 2041 ex
1363 2009 1482 2054 parte
1502 2004 1789 2060 tantummodo
1800 2010 2011 2043 servatum.
2048 1986 2211 2044 “Cum-iS
2184 2014 2222 2094 ἑ

2192 1400 2219 1474 ἐ

410 2075 638 2114 Vaamunim
694 2073 746 2110 sit
794 2072 989 2122 genitivus
1052 2072 1153 2122 plur.
1211 2073 1385 2110 eiusdem
1442 2072 1592 2109 formae
1655 2077 1697 2109 ut
1720 2072 1901 2127 Upsim‚
1967 2072 2185 2120 Aisernim,

403 2143 575 2192 Saffum,
605 2142 735 2188 uinim,
757 2153 922 2190 cumque
943 2141 1108 2190 genitivi
1129 2140 1229 2189 plur.
1252 2141 1453 2177 nominum
1475 2140 1677 2190 gentilium
1706 2110 1850 2190 Upsim‚
1878 2140 2051 2189 Viriium,
2072 2140 2171 2178 Kla-
2190 2097 2222 2214 ξ

402 2212 560 2250 vat-iiam
589 2210 630 2247 in
659 2209 784 2247 titulis
807 2207 1022 2259 Campanis
1054 2208 1227 2246 indicent
1255 2209 1438 2246 homines
1469 2208 1695 2258 complures
1725 2208 1901 2246 eiusdem
1930 2209 2072 2258 gentis,
2102 2189 2222 2261 qui„1

404 2279 508 2317 dona
562 2278 645 2316 deis
697 2277 889 2315 dederunt
941 2277 1005 2315 vel
1059 2281 1277 2326 posuerunt
1333 2276 1386 2326 (n.
1426 2275 1486 2313 19.
1489 2275 1521 2326 ),
1570 2280 1876 2314 consentaneum
1931 2281 2012 2324 est,
2054 2276 2202 2337 etiam}
2220 2288 2222 2307 4

411 2348 638 2386 Vaamzmim
667 2358 757 2384 esse
787 2345 1005 2397 genitivum
1041 2344 1142 2395 plur.
1179 2345 1351 2382 nominis
1382 2344 1561 2395 gentilis,
1599 2357 1678 2394 quo
1708 2343 1964 2394 significetur,
1993 2314 2207 2389 homines}
2219 2325 2222 2414 i

403 2416 519 2454 huius
551 2414 680 2466 gentis
711 2420 779 2452 aut
807 2414 915 2463 ipsas
937 2413 1141 2451 columnas
1171 2412 1374 2451 faciendas
1403 2412 1465 2450 vel
1494 2412 1726 2451 reficiendas
1755 2423 1929 2459 curasse,
1957 2412 1999 2451 in
2027 2413 2198 2462 quibus
2190 2438 2202 2467 ,ἶ

404 2496 549 2522 nomen
579 2483 771 2532 scriptum
802 2481 974 2532 legatur,
1011 2486 1079 2518 aut
1114 2482 1219 2519 dona
1257 2481 1562 2530 qualiacumque
1598 2480 1776 2528 dedisse,
1815 2481 1960 2530 quibus
1995 2473 2199 2530 porticus-'5

404 2552 482 2590 fori
517 2550 752 2601 Pompeiani
793 2554 1064 2588 exornaretur.
1125 2548 1204 2587 Sed
1240 2549 1442 2586 fatendum
1480 2554 1560 2595 est,
1600 2561 1744 2586 nomen
1792 2549 2013 2587 Vaamunim
2046 2560 2198 2598 nequef

405 2620 446 2658 in
476 2619 564 2657 aliis
594 2618 719 2656 titulis
750 2617 868 2656 Oscis
899 2617 992 2666 legi,
1023 2628 1151 2666 neque
1181 2617 1222 2654 in
1251 2617 1388 2667 lingua
1416 2616 1563 2654 Latina
1591 2616 1768 2654 inveniri.
2191 2603 2206 2615 ’Δ

409 2854 485 2894 34.
548 2853 762 2903 Inscriptio
805 2853 925 2891 rubro
962 2852 1094 2891 colore
1137 2852 1243 2903 picta
1282 2852 1323 2890 in
1359 2852 1444 2890 tofo
1482 2851 1639 2890 aedium
1677 2852 1813 2890 strada
1847 2852 1950 2890 della
1989 2840 2197 2898 Fortunas

465 2936 502 2961 n.
531 2921 581 2960 3.·

869 3018 1044 3068 m]a[r]a
1079 3009 1173 3059 silli
1464 3017 1578 3056 Mara
1615 3015 1765 3056 simus.

520 3163 775 3201 Delineatam
813 3162 921 3200 misit
959 3162 1008 3200 R.
1040 3161 1231 3201 Schoene.
1292 3159 1483 3210 Supplevi
1518 3172 1759 3210 praenomen
1796 3160 1920 3197 Mara
1959 3148 2173 3197 secundum.

411 3235 572 3286 Μαρας
606 3235 646 3268 et
681 3236 816 3268 notam
855 3231 939 3268 eius
969 3230 1045 3267 Mr.
1078 3229 1290 3279 (Momms.‚
1330 3227 1415 3266 Unt.
1441 3228 1554 3266 Dial.
1579 3241 1621 3278 Ρ.
1646 3227 1766 3277 24Ι),
1802 3232 2030 3277 comparata
2066 3225 2173 3264 Osca

412 3298 646 3337 nominativi
675 3298 805 3336 forma
833 3298 976 3336 Arkiia
1004 3310 1077 3348 pro
1108 3296 1264 3335 Graeca
1290 3291 1487 3350 Ἀρχίας
1515 3296 1582 3346 (cf.
1614 3297 1704 3345 infr.
1737 3308 1774 3332 η.
1805 3295 1887 3344 40).
