2222 3594
321 245 414 291 146
894 229 1302 293 A‘DmTAMENTvM
1326 259 1438 292 vox..
1466 259 1504 292 11

316 373 448 423 Quam
484 375 534 413 ob
564 387 647 413 rem
676 387 764 413 cum
793 375 969 413 universi
998 376 1094 422 loci,
1129 376 1178 414 de
1207 376 1350 426 quibus
1379 376 1444 414 hic
1473 376 1614 426 agitur,
1652 376 1693 413 in
1722 374 1896 413 tabulam
1925 375 2080 415 tertiam
2111 405 2117 410 .
2164 351 2202 376 ⁷

314 443 493 480 incidant
521 443 694 492 pessime
722 443 1018 494 interpolatam,
1056 444 1160 482 haud
1190 445 1273 482 scio
1303 457 1354 482 an
1384 443 1526 482 aedilis
1556 455 1712 493 quoque
1740 443 1844 480 male
1874 443 1932 481 eis
1960 443 2080 483 intru-
2113 476 2127 488 ,4
2158 438 2214 471 3

316 522 385 548 sus
418 511 482 549 sit.
541 510 660 559 Quod
689 516 852 549 cavetur
882 512 926 559 6,
947 511 999 551 29
1030 513 1078 551 de
1107 512 1240 551 IIviro
1269 512 1389 550 aedili
1418 511 1616 561 praefecto
1645 510 1761 548 ludos
1792 511 1995 550 scaenicos
2022 511 2081 551 fa·
2166 501 2178 507 ”

314 578 453 626 ciente,
488 591 727 629 quamquam
757 592 829 629 per
858 591 902 618 se
930 580 1090 619 minime
1121 588 1360 631 suspectum,
1392 593 1443 618 ex
1474 579 1663 619 societate
1693 583 1732 616 et
1759 578 1892 629 ipsum
1922 578 2081 618 dubium

313 646 370 694 fit,
402 659 490 685 cum
520 648 561 685 in
594 647 731 685 tabula
760 648 877 686 tertia
906 649 1143 698 ubicumque
1171 649 1429 700 magistratus
1460 648 1730 694 nominantur,
1767 647 1844 684 tria
1870 646 1942 685 illa
1967 659 2082 687 voca-
2151 634 2206 702 ,⁵3

313 715 409 753 bula
438 716 658 766 composita
685 709 948 755 inveniantur.

127 791 292 826 Praefec-
427 784 647 832 Praefectus
675 784 828 834 passim
858 785 1109 836 subiungitur
1138 785 1345 824 duumviro
1376 784 1434 834 (1,
1457 783 1520 823 20.
1544 783 1608 823 28.
1632 784 1695 822 33.
1727 783 1771 831 2,
1794 783 1858 822 20.
1881 783 1945 837 30.-
1977 783 2020 832 3,
2041 784 2078 822 3.

146 846 199 873 ‘¹¹⁸
217 852 280 897 ΡΠ)
318 851 364 898 5,
386 851 423 889 2.
457 852 494 899 6,
517 851 581 889 27.
604 851 669 891 29.
693 852 757 890 46.
791 852 828 899 7,
853 851 915 891 12.
938 852 1002 891 30.
1025 852 1090 891 32.
1113 854 1177 892 38.
1200 854 1265 891 39.
1288 854 1353 891 51.
1375 851 1440 890 52.
1473 852 1511 899 8,
1537 852 1597 890 13.
1623 851 1687 890 33.
1710 851 1800 902 39),
1831 839 1944 890 cuius
1974 851 2081 891 vices
2152 865 2172 896 ᾳ
2197 877 2217 900 2„

156 891 268 924 nmo
313 919 407 958 facit
435 925 627 971 perpetuo
656 933 767 959 more
797 921 928 960 solito.
978 920 1069 959 Uno
1098 921 1186 959 loco
1218 921 1255 968 3,
1278 921 1300 958 7
1333 920 1401 970 (cf.
1433 921 1471 967 5,
1494 919 1536 970 2)
1566 933 1640 971 pro
1669 931 1716 957 eo
1742 919 1849 970 quod
1877 923 1939 958 est
1967 924 2083 959 antea

312 988 422 1026 IIvir
446 990 710 1039 praesectusve
740 989 925 1027 scribitur
945 989 1051 1027 IIvir
1080 991 1187 1039 quive
1216 991 1294 1026 iuri
1322 989 1484 1026 dicundo
1509 990 1672 1038 procerit,
1701 987 1960 1038 similiterque
1982 987 2081 1027 acci-

313 1057 502 1106 piendum
532 1062 594 1095 est
623 1057 730 1106 quod
760 1057 904 1107 legitur
935 1058 973 1104 3,
1002 1058 1072 1094 13:
1109 1069 1154 1094 ne
1183 1046 1268 1106 quis
1298 1056 1406 1094 Hvz’r
1433 1068 1521 1094 neve
1550 1059 1635 1106 quis
1659 1069 1732 1106 pro
1757 1061 1942 1106 potestate
1969 1058 2010 1094 in
2037 1069 2083 1095 ea
2149 1050 2162 1090 ’Ῐ’

313 1126 472 1163 colonia.
531 1125 602 1163 Bis
639 1125 709 1174 (1,
742 1124 806 1163 20.
839 1124 916 1175 28)
956 1125 1114 1162 additur
1151 1124 1395 1174 praefectum
1431 1124 1609 1174 intellegi
1647 1136 1734 1162 eum
1773 1136 1891 1174 quem
1922 1123 2024 1162 IIvir
2060 1136 2082 1162 e

311 1193 400 1243 lege
440 1193 559 1231 huius
603 1193 783 1231 coloniae
818 1193 1042 1243 reliquerit,
1086 1193 1319 1242 videturque
1355 1193 1473 1231 etiam
1510 1192 1603 1230 alibi
1639 1197 1829 1243 perpetuo
1867 1191 2080 1242 significari
2186 1216 2202 1244 :1

312 1260 536 1310 praefectus
573 1261 690 1299 IIviri
733 1262 910 1300 absentis
953 1261 1118 1300 aliterve
1156 1261 1349 1310 impediti.
1415 1260 1667 1299 Praefectum
1704 1265 1835 1298 autem
1871 1259 2080 1311 interregis
2141 1253 2191 1270 ³

311 1329 399 1366 loco
438 1329 534 1366 haec
574 1330 640 1367 lex
680 1330 834 1367 nullum
870 1330 990 1368 novit.
1021 1351 1070 1357 ——
1108 1329 1149 1367 Is
1179 1330 1245 1379 qui
1277 1330 1438 1367 armatis
1467 1342 1492 1366 a
1519 1329 1650 1367 IIviro
1685 1328 1908 1379 praeficitur
1941 1327 2010 1378 (5,
2033 1327 2102 1379 6).
2138 1322 2219 1384 5-3ζζ

313 1397 497 1435 diversus
541 1397 593 1436 sit
632 1410 655 1435 a
693 1398 893 1448 praefecto
930 1398 997 1448 qui
1034 1397 1195 1448 proprie
1230 1398 1287 1436 ita
1321 1398 1464 1436 dicitur
1499 1409 1663 1436 necesse
1699 1402 1769 1435 est.
1833 1396 2084 1435 Praefectum

236 1504 241 1507 ,
310 1465 429 1503 IIviri
466 1478 552 1504 cum
589 1466 831 1516 praefectum
867 1467 1091 1516 relinquere
1126 1477 1248 1515 posse
1282 1466 1350 1504 lex
1387 1464 1635 1515 Salpensana
1670 1477 1703 1503 c.
1731 1463 1781 1503 25
1818 1449 1952 1515 neget,
1986 1464 2084 1503 haee
2201 1463 2219 1500 ’ἶ

311 1534 378 1572 lex
414 1535 508 1572 item
544 1535 734 1583 praefecti
771 1535 935 1573 armatis
971 1534 1170 1584 deligendi
1200 1535 1263 1572 ius
1295 1534 1370 1572 soli
1399 1534 1565 1572 duoviro
1595 1533 1808 1572 concedere
1835 1532 2010 1580 videtur,
2042 1532 2084 1570 id
2117 1528 2123 1530 ’

313 1603 419 1652 quod
448 1603 643 1640 rationem
674 1603 821 1642 habere
851 1603 968 1654 periti
997 1616 1078 1640 non
1107 1603 1292 1653 ignorant
1306 1602 1355 1653 ¹).
2133 1647 2185 1660 v*

424 1671 594 1709 Interrex
634 1672 757 1709 semel
795 1673 832 1718 7,
861 1672 912 1710 50
950 1671 1216 1720 interponitur
1250 1672 1353 1710 inter
1387 1671 1558 1709 IIvirum
1594 1671 1937 1726 praefectumque3
1977 1669 2084 1719 quod
2124 1663 2161 1695 ³2

312 1745 418 1778 recte
455 1740 638 1777 convenit
674 1752 762 1777 cum
793 1741 842 1778 iis
872 1752 973 1789 quae
1003 1740 1120 1777 modo
1153 1739 1327 1777 diximus
1358 1739 1406 1778 de
1436 1739 1636 1789 praefecto
1666 1739 1824 1785 relicto,
1860 1750 1935 1776 neo
1964 1750 2084 1788 prop·
2190 1734 2220 1794 312}

313 1814 423 1846 terea
452 1808 559 1857 quod
587 1808 684 1845 haec
714 1809 835 1847 verba
864 1821 944 1846 non
975 1807 1163 1846 Caesaris
1195 1812 1298 1854 sunt,
1330 1809 1400 1846 sed
1428 1807 1722 1857 interpolatoris
1753 1806 1809 1856 (v.
1839 1819 1877 1856 p.
1902 1805 2014 1856 121),
2041 1805 2084 1844 in
2216 1827 2222 1860 Ἰ;

314 1876 598 1914 dubitationem
628 1876 849 1914 vocandum
886 1882 957 1916 est.
1019 1876 1130 1914 Alibi
1167 1888 1323 1926 quoque
1358 1881 1473 1914 extra
1502 1876 1658 1923 urbem,
1697 1874 1790 1913 licet
1817 1886 1929 1921 rar0,
1964 1874 2083 1912 inter·

314 1955 427 1994 reges
458 1945 627 1983 inveniri
656 1950 794 1982 notum
825 1950 885 1983 est
897 1943 950 1994 2).
1543 1995 1546 1998 ἢ
1929 1941 1932 1945 ’
2143 1932 2145 1936 ’
2190 1927 2210 1944 ”

138 2017 282 2050 Patroni
428 2012 490 2051 De
519 2018 733 2063 patronatu
762 2013 1016 2063 hospitioque
1045 2013 1108 2051 bis
1136 2013 1177 2050 in
1206 2013 1293 2064 lege
1324 2013 1463 2062 agitur.
1516 2010 1640 2050 Cavet
1667 2024 1716 2049 ea
1742 2011 1911 2060 primum
1938 2010 1981 2048 in
1998 2009 2082 2048 uni-

124 2067 292 2148 hospitsss'
311 2093 470 2119 versum
500 2094 532 2119 c.
556 2080 731 2129 XCVII,
762 2091 805 2119 ut
833 2095 882 2119 ne
912 2088 1069 2132 praeter
1099 2086 1228 2119 certas
1258 2092 1449 2137 personas
1479 2086 1669 2130 exceptas
1694 2084 1885 2130 patronus
1904 2078 1995 2129 quis
2015 2078 2085 2117 fiat

123 2127 250 2198 ’ΝΞ-ἑξ
263 2127 389 2188 Ο’11ἰεί
426 2150 474 2187 de
510 2149 767 2188 decurionum
796 2150 977 2196 decreto,
1013 2162 1099 2187 cum
1130 2162 1210 2188 non
1240 2149 1369 2188 minus
1398 2148 1433 2187 L
1463 2149 1650 2196 aderunt,
1687 2147 1828 2186 deinde
1856 2146 2082 2197 specialiter

311 2231 344 2257 c.
376 2217 548 2256 CXXX.
583 2216 787 2266 CXXXI,
824 2231 873 2255 ne
911 2218 1000 2268 quis
1038 2223 1199 2256 senator
1233 2218 1371 2269 populi
1399 2217 1570 2256 Romani
1604 2216 1848 2255 senatorisve
1876 2215 1984 2253 filius
2012 2227 2083 2266 pa·
2140 2209 2171 2239 *3
2193 2207 2222 2266 ξ

311 2291 450 2325 tronus
481 2287 681 2335 hospesve
709 2286 778 2324 fiat
807 2287 886 2324 nisi
915 2292 955 2324 et
982 2286 1159 2336 privatus
1191 2287 1243 2324 sit
1271 2292 1311 2324 et
1338 2286 1379 2324 in
1408 2286 1526 2324 Italia
1554 2289 1667 2335 agat,
1701 2284 1796 2322 item
1825 2283 2081 2322 decurionum
2150 2305 2164 2320 .

310 2356 353 2393 in
390 2360 559 2405 patrono
596 2360 677 2392 tres
713 2360 866 2404 partes,
907 2355 947 2392 in
986 2355 1143 2404 hospite
1178 2355 1306 2392 maior
1341 2366 1434 2405 pars
1470 2353 1708 2392 adsentiant.
1765 2352 1905 2390 Poena
1934 2350 2083 2390 adseri-

310 2424 419 2462 bitur
456 2435 488 2460 ο.
516 2421 676 2461 xovn
707 2422 744 2460 v
773 2423 877 2468 mil„
918 2435 950 2460 ο.
981 2421 1142 2460 cxxx
1179 2421 1212 2461 o
1242 2423 1344 2470 mii,
1381 2435 1414 2461 ο.
1443 2420 1623 2461 CXXXI
1657 2421 1698 2458 x
1724 2420 1807 2467 mn,
1844 2419 2081 2475 sestertium.
2142 2407 2214 2476 ‚is

313 2488 458 2542 Capita
493 2492 591 2529 haec
636 2503 725 2529 cum
768 2491 895 2529 multa
939 2491 1113 2528 habeant
1157 2490 1274 2528 utilia
1317 2498 1356 2528 et
1398 2490 1527 2528 adhuc
1568 2502 1708 2539 parum
1750 2493 1864 2536 nota,
1907 2487 2098 2527 omnium‘

311 2560 486 2598 maxime
523 2559 599 2597 hoc
634 2559 885 2609 proficimus,
922 2559 1029 2608 quod
1063 2558 1165 2596 inter
1198 2563 1450 2609 patronatum
1487 2558 1666 2596 coloniae
1700 2561 1739 2594 et
1766 2556 1982 2608 hospitium
2005 2567 2081 2607 pu·

311 2628 459 2666 blicum
498 2627 765 2678 distinguitur.
827 2626 1048 2665 Observavi
1087 2639 1160 2677 ego
1175 2626 1214 2677 ³)
1257 2626 1471 2677 aliquando
1508 2626 1556 2664 de
1591 2624 1766 2674 hospitio
1805 2625 2007 2663 disserens
2043 2627 2081 2662 et

311 2700 566 2747 patronatum
607 2695 707 2734 iuris
742 2695 888 2745 privati
924 2707 1161 2745 comparans
1197 2707 1286 2733 cum
1323 2699 1534 2744 patronatu
1567 2693 1814 2732 coloniarum
1849 2690 2080 2743 municipi&
2155 2682 2207 2750 Ξζ,

312 2777 493 2814 rumque,
531 2764 634 2802 hunc
670 2776 722 2802 ex
758 2764 1092 2802 contaminatione
1123 2763 1294 2814 quadam
1322 2767 1557 2814 patronatus
1587 2762 1671 2800 veri
1703 2766 1742 2799 et
1769 2761 1934 2811 hospitii
1962 2759 2080 2811 origi·

312 2845 402 2871 nem
433 2833 606 2870 traxisse
636 2837 675 2870 et
702 2832 758 2869 ita
788 2831 970 2869 effectum
1000 2843 1108 2878 esse,
1145 2836 1208 2879 ut,
1239 2844 1326 2869 cum
1356 2844 1449 2869 vere
1476 2836 1666 2880 patronus
1695 2830 1752 2868 rei
1781 2829 1964 2879 publicae
1991 2839 2079 2867 esse
2149 2821 2203 2886 g}

312 2913 391 2939 non
420 2905 559 2950 posset
587 2900 666 2938 nisi
695 2912 811 2937 unus.
829 2900 981 2950 origine
1011 2904 1049 2937 et
1079 2899 1262 2950 deinceps
1292 2899 1442 2949 posteri
1472 2898 1568 2945 eius,
1600 2897 1751 2936 scilicet
1778 2898 1814 2936 is
1844 2898 1914 2948 qui
1943 2895 2078 2934 civita-
2155 2878 2205 2955 ’ἶ

312 2976 391 3007 tem
421 2963 467 3006 irs
491 2969 609 3006 fidem
638 2968 866 3016 recepisset,
896 2968 1074 3018 hospites
1105 2973 1235 3005 autem
1267 2971 1325 3004 tot
1352 2967 1438 3004 fieri
1457 2972 1623 3017 possent
1642 2970 1736 3016 quot
1754 2966 1928 3016 populus
1949 2963 2076 3011 vellet,
2132 2953 2188 3057 ξ

2145 3058 2191 3129 ἑΞῑῒῑ

311 3038 387 3075 hoc
423 3037 542 3074 etiam
571 3037 622 3075 ad
650 3041 902 3087 patronatum
932 3035 1232 3082 transferretur3
1269 3036 1363 3073 item
1392 3039 1645 3085 patronatum
1674 3034 1725 3071 ab
1754 3034 1928 3085 hospitio
1958 3031 2076 3071 etiam

414 3267 445 3308 ¹)
474 3266 695 3300 ..Staatsreclzt
720 3270 751 3307 ],
775 3268 854 3299 171.

414 3328 446 3370 ²>
484 3331 512 3362 1.
531 3330 571 3362 R.
590 3330 635 3362 N.
661 3340 695 3371 p.
715 3330 798 3361 479.

415 3389 446 3431 3>
483 3390 577 3423 Rom.
603 3389 745 3424 For-sch.
776 3392 806 3431 1,
828 3390 910 3423 334.
931 3390 1011 3423 358.
1033 3390 1114 3423 371.
