2222 3594
298 253 326 299 2
1083 265 1266 298 KAIBEL

295 380 562 418 collectionem
601 380 818 418 confectam
854 392 944 417 esse
980 386 1181 430 appareat.
1240 381 1406 419 Praeter
1436 380 1647 431 Cyriacum
1684 387 1815 418 autem
1853 393 1967 418 nemo
1996 387 2059 418 est

296 449 363 498 qui
392 448 473 497 XV
494 448 555 485 vel
575 447 675 485 XVI
697 447 856 485 saeculo
885 469 939 476 —
968 449 1042 485 hoc
1072 448 1176 486 enim
1200 453 1375 498 tempore
1397 450 1568 498 scriptus
1589 456 1650 486 est
1669 449 1753 486 cod.
1777 448 1983 486 Palatinus
2004 469 2058 475 —-

294 515 466 554 Lesbum
494 515 666 553 insulam
697 515 943 565 antiquitatis
973 522 1227 555 monumenta
1256 516 1465 565 colligendi
1496 529 1620 554 causa
1649 517 1800 554 adierit.
1851 516 2060 554 Lemmata

295 583 443 621 codicis
473 595 672 632 nunquam
702 583 861 632 quidem
891 583 1041 621 eisdem
1073 584 1218 630 verbis,
1255 584 1397 633 quibus
1427 584 1607 622 Faviana
1636 590 1826 634 concepta
1856 589 1960 631 sunt,
1989 585 2059 621 sed

294 651 335 688 in
370 651 468 700 ipsis
505 652 622 689 rebus
658 652 814 700 egregie
843 658 1083 700 congruunt,
1121 652 1171 688 cf.
1203 651 1250 689 ad
1282 664 1318 688 n.
1341 652 1457 689 XXI.
1487 652 1627 689 XXII.
1655 651 1705 689 V.
1737 651 1870 689 XXV.
1901 651 2057 689 XXVI.

294 718 439 756 Paullo
477 718 591 755 aliter
628 718 752 756 codex
790 718 1070 756 vallicellanus
1109 726 1359 769 comparatus
1398 727 1470 757 est.
1535 719 1703 757 Praeter
1742 711 1918 757 Asiana&
1953 720 2069 757 enim·

294 786 481 836 quinque,
510 786 550 823 in
583 786 725 835 quibus
746 785 966 824 Lesbiacae
996 793 1193 836 quattuor,
1214 787 1419 825 Romanae
1448 788 1729 836 inscriptiones
1760 787 1874 832 duae,
1896 786 2058 825 Ostien-

293 865 357 891 ses
385 853 578 891 Reatinae
598 853 855 892 Florentinae
885 855 1079 906 singulae,
1110 855 1212 892 aliae
1242 868 1392 904 paucae
1422 855 1510 892 loco
1540 855 1649 892 nullo
1679 855 1852 893 indicato
1882 855 1938 892 ibi
1967 866 2058 904 pro-

294 927 412 969 stant,
442 921 578 958 latinis
608 923 761 971 graecis
793 923 940 960 mixtis.
1001 922 1219 961 Videamus
1248 923 1534 961 Lesbiacorum
1562 923 1762 960 lemmata.

379 990 412 1026 1.
458 989 577 1027 huius
609 990 701 1040 syll.
731 1003 768 1027 n.
789 990 862 1027 1V:
899 991 939 1028 in
975 991 1159 1028 columna
1187 1003 1408 1028 marmorea
1435 990 1609 1028 Neronis
1641 977 1899 1041 epigramma.
1957 989 2056 1029 Cod.

457 1057 583 1095 ValL:
615 1058 665 1095 ad
695 1070 955 1096 marmoream
985 1059 1205 1096 columnam
1235 1059 1275 1096 in
1296 1058 1496 1097 Neronem
1520 1057 1734 1097 Caesarem
1764 1059 2020 1109 epigramma.

378 1125 414 1163 2.
457 1126 496 1162 h.
528 1125 617 1175 syll.
646 1138 683 1163 n.
705 1126 827 1163 XIII:
858 1126 899 1163 in
929 1126 1009 1164 alia
1038 1126 1174 1175 (basi).
1221 1125 1318 1165 Cod.
1340 1127 1467 1165 Vall.:
1499 1127 1551 1163 ad
1579 1139 1842 1164 marmoream
1872 1127 1988 1164 basin
2016 1126 2057 1163 in

457 1192 674 1230 Traianum
706 1192 932 1232 Caesarem.

377 1261 413 1298 3.
456 1261 495 1298 h.
518 1261 608 1310 syll.
631 1274 676 1298 sn.
698 1261 903 1299 XXVIII:
934 1262 1086 1300 Ibidem
1117 1262 1160 1312 (i.
1183 1276 1216 1300 e.
1246 1262 1288 1300 in
1308 1262 1459 1301 balneis
1479 1262 1634 1312 Lesbi).
1680 1262 1779 1301 Cod.
1799 1262 1921 1301 Vall.:
1953 1262 2059 1312 apud

456 1328 618 1367 Lesbon
647 1329 688 1367 in
718 1329 887 1378 quadam
918 1331 1018 1368 basi.
1889 1356 1891 1358 -
1979 1364 1982 1369 .

375 1397 412 1434 4.
458 1397 496 1434 h.
529 1397 619 1447 syll.
651 1410 688 1435 n.
709 1397 814 1435 XII:
845 1398 886 1435 in
916 1398 994 1436 alia
1022 1399 1110 1436 basi
1141 1397 1400 1447 (praecedunt
1429 1398 1668 1448 Mytilinea).
1729 1397 1827 1436 Cod.
1849 1393 1976 1436 Valla
2008 1398 2059 1436 ad

457 1477 719 1502 marmoream
748 1466 863 1503 basin
893 1466 1000 1515 apud
1028 1466 1258 1516 Mytilenen.

293 1531 533 1571 consideres
563 1533 703 1579 velim,
739 1533 780 1570 in
810 1533 991 1571 Faviana
1027 1533 1258 1584 apographo
1295 1533 1454 1571 minime
1490 1534 1645 1583 integra
1679 1534 1831 1571 servari
1859 1534 2058 1580 lemmata,

291 1601 411 1638 immo
451 1601 565 1638 valde
600 1601 642 1638 in
680 1601 838 1638 brevius
878 1606 1055 1638 coartata
1093 1607 1211 1650 atque
1249 1614 1300 1638 ex
1337 1603 1519 1651 proxime
1560 1602 1750 1651 cuiusque
1789 1601 2058 1639 antecedentis

292 1675 434 1706 natura
461 1669 725 1706 conformata:
756 1669 962 1714 concedes,
992 1681 1070 1706 non
1101 1682 1194 1707 casu
1224 1669 1374 1706 factum
1403 1682 1503 1714 esse,
1531 1675 1574 1706 ut
1602 1682 1650 1706 ne
1672 1669 1730 1708 sic
1750 1669 1907 1718 quidem
1929 1669 2058 1707 omnis

291 1736 517 1775 lemmatum
547 1737 765 1774 similitudo
795 1737 958 1786 periret3
991 1737 1039 1774 cf.
1068 1737 1108 1773 in
1139 1737 1277 1787 primis
1309 1737 1358 1774 ad
1388 1750 1425 1774 n.
1448 1737 1519 1774 IV.

401 1804 539 1842 Lectio
555 1805 821 1843 Vallicellana
849 1804 1051 1842 rarissime
1080 1818 1105 1842 a
1123 1805 1303 1842 Paviano
1328 1804 1545 1854 discrepat;
1576 1817 1703 1854 neque
1725 1805 1828 1843 enim
1849 1817 1942 1842 curo
1962 1805 2057 1843 levi-

294 1873 430 1910 densia
463 1873 534 1910 illa
569 1873 730 1919 menda,
768 1885 869 1922 quae
905 1885 977 1921 pro
1015 1885 1057 1910 se
1094 1873 1261 1921 quisque
1294 1885 1418 1922 prava
1453 1872 1638 1922 loquendi
1676 1872 1958 1910 consuetudine
1987 1873 2059 1910 im-

292 1941 412 1979 butus
442 1941 588 1978 inferre
618 1941 784 1986 solebat,
815 1946 858 1978 ut
886 1953 959 1990 pro
989 1956 1009 1986 η
1041 1941 1229 1978 scriberet
1259 1956 1282 1987 ι,
1314 1955 1330 1976 ο
1360 1953 1433 1990 pro
1465 1955 1490 1977 ω
1523 1940 1610 1978 sim.
1659 1940 1706 1977 In
1730 1940 1845 1978 titulo
1864 1939 1925 1978 IV
1946 1943 2058 1991 prae-

294 2009 443 2058 scripta
471 2008 642 2046 formula
669 2006 687 2044 ἑ
710 2004 824 2053 δῆμος
852 2029 907 2035 —
937 2008 994 2045 sie
1014 2008 1119 2045 enim
1139 2009 1180 2046 in
1196 2008 1458 2046 Vallicellano
1481 2029 1530 2034 -—-
1553 2008 1748 2045 omittitur
1767 2009 1807 2045 in
1828 2008 2058 2059 apographo

293 2076 499 2122 Paviano,
527 2083 566 2113 et
599 2076 729 2126 potuit
763 2075 892 2112 omitti
925 2075 1131 2122 facillime3
1173 2075 1349 2113 eiusdem
1385 2076 1656 2125 neglegentiae
1692 2075 1918 2126 exemplum
1953 2076 2060 2113 infra

293 2156 344 2181 ex
363 2143 547 2181 Palatino
568 2143 690 2181 adtuli
711 2143 761 2180 ad
790 2157 827 2181 n.
849 2140 993 2181 XXII.
1015 2165 1062 2170 —
1095 2143 1251 2181 Deinde
1271 2143 1311 2180 in
1339 2156 1378 2180 n.
1399 2143 1478 2181 XII
1504 2143 1668 2194 legitur:
1701 2145 2055 2180 ΑΥΤΟΚΡΑΤΟΡΙ

295 2214 457 2260 ΚΑΙΣΑ.
479 2213 897 2247 ΝΕΡΟΥΑΤΡΑΙΑΝΩ
921 2213 1124 2256 ΚΑΙΣΑΡΙ,
1160 2211 1225 2248 ubi
1256 2211 1367 2248 nihili
1397 2223 1486 2249 esse
1516 2211 1626 2261 prius
1657 2213 1792 2248 ΚΑΙΣΑ
1811 2239 1820 2248 .
1851 2217 1891 2249 et
1919 2216 2059 2275 sponte

293 2284 458 2329 apparet
487 2284 525 2316 et
555 2279 678 2316 sensit
705 2279 905 2324 librarius,
936 2279 1003 2328 qui
1032 2284 1215 2328 coeptum
1236 2279 1472 2316 vocabulum
1503 2291 1575 2317 nec
1604 2279 1653 2316 ad
1679 2278 1795 2317 finem
1816 2278 2002 2329 perduxit
2021 2282 2060 2316 et

294 2353 480 2395 punctum
514 2347 719 2397 adposuit,
758 2352 801 2383 ut
837 2347 989 2385 scilicet
1023 2358 1180 2384 errasse
1217 2359 1259 2383 se
1297 2347 1550 2396 significaret.
1610 2346 1769 2391 Desunt
1801 2346 1875 2384 hae
1902 2346 2060 2384 litterae

294 2414 335 2451 in
361 2414 633 2452 Vallicellano.
691 2415 777 2452 Iam
812 2427 904 2452 vero
935 2414 1152 2452 notandum
1183 2419 1243 2451 est
1272 2414 1312 2451 in
1342 2415 1570 2465 apographo
1599 2414 1780 2452 Paviano
1810 2425 1952 2452 versus
1981 2426 2061 2452 non

293 2481 375 2519 fere
405 2481 545 2528 dividi,
582 2482 701 2519 dividi
732 2495 825 2520 vero
861 2483 901 2519 in
927 2482 1189 2521 Vallicellano
1227 2488 1265 2519 et
1298 2482 1414 2520 huius
1444 2482 1601 2531 quidem
1631 2481 1735 2519 tituli
1765 2482 1842 2527 ita,
1879 2487 1921 2519 ut
1950 2478 2059 2518 αὖτο-

294 2542 441 2603 κράτορι
468 2554 507 2586 et
535 2551 709 2602 Τξαιανῷ
737 2550 938 2588 vocabulis
970 2562 1108 2588 versus
1139 2550 1409 2597 terminentur,
1447 2550 1582 2599 itaque
1611 2561 1752 2587 versus
1783 2548 1980 2587 secundus
2009 2548 2060 2586 ab

297 2619 451 2653 ΚΑΙΣΑ.
472 2617 652 2664 frustum,
673 2618 813 2655 tertius
835 2618 884 2655 ab
907 2620 1088 2655 ΚΑΙΣΑΡΙ
1114 2630 1208 2656 voce
1228 2618 1383 2656 initium
1405 2618 1548 2668 capiat.
1595 2616 1859 2667 Cognoscitur
1877 2616 1951 2654 hoe
1970 2628 2058 2665 pec-

296 2696 409 2723 casse
444 2685 668 2732 librarium,
705 2690 748 2722 ut
777 2698 801 2722 a
830 2686 992 2723 secundi
1021 2686 1072 2723 ad
1100 2686 1204 2723 tertii
1234 2698 1372 2724 versus
1403 2685 1558 2723 initium
1590 2685 1716 2723 oculis
1747 2685 1948 2722 aberraret
1976 2696 2059 2721 cer-

295 2756 457 2801 tumque
486 2758 547 2789 est
575 2764 716 2790 versus
747 2753 845 2790 adeo
876 2753 1039 2790 eundem
1069 2754 1110 2791 in
1140 2753 1299 2791 modum
1329 2753 1480 2791 divisos
1511 2759 1720 2802 utrumque
1746 2751 1948 2790 librarium
1969 2758 2059 2788 ante

296 2818 433 2856 oculos
470 2819 667 2857 habuisse.
728 2818 880 2857 Certior
917 2821 1035 2858 etiam
1072 2821 1106 2859 si
1143 2822 1273 2871 possit
1307 2822 1394 2859 fieri
1429 2834 1492 2859 res
1527 2821 1571 2858 fit
1609 2833 1676 2867 e0,
1714 2819 1821 2869 quod
1854 2819 1896 2856 in
1926 2830 2059 2856 errore

297 2885 469 2934 quodam
511 2887 616 2925 haud
652 2887 806 2938 vulgari
851 2889 1044 2926 consentit
1087 2901 1175 2926 cum
1210 2889 1470 2926 Vallicellano
1506 2888 1730 2926 Pavianum
1768 2886 2058 2936 apographun13

297 2953 502 3003 utrobique
522 2955 623 2992 enim
653 2955 695 2992 in
725 2968 762 2992 n.
784 2955 867 2992 XII
895 2969 968 3005 pro
989 2951 1117 3002 κτίστῃ
1141 2957 1327 2995 scribitur
1345 2954 1480 2994 mla-rw
1514 2956 1699 3005 (Pavian.
1720 2947 1902 3005 κτήστω),
1932 2954 2061 2992 forma

298 3019 414 3069 plane
443 3021 631 3060 inaudita.

408 3088 659 3127 Vallicellani
692 3097 821 3128 autem
855 3090 1114 3129 demonstrari
1145 3097 1276 3142 potest
1305 3092 1481 3130 Asianas
1511 3086 1651 3130 saltem
1680 3091 1960 3140 inscriptiones
1981 3087 2058 3139 Cy—

298 3155 406 3192 riaco
446 3156 590 3194 deberi.
648 3158 839 3196 Traditur
876 3159 979 3196 enim
1015 3159 1040 3196 f.
1070 3159 1132 3196 45¹
1170 3160 1309 3198 titulus
1341 3159 1385 3198 C.
1413 3159 1445 3198 I.
1478 3159 1583 3197 3527
1623 3172 1710 3197 cum
1746 3159 1820 3196 hoc
1855 3159 2057 3196 lemmate:

297 3219 429 3272 ‘Apud
457 3222 615 3261 Eoliam
652 3226 819 3263 dirutum
849 3226 1078 3275 Appollinis
1115 3228 1307 3277 templum
1343 3228 1664 3277 antiquissimum
1698 3226 1853 3277 magnis
1883 3229 1922 3262 et
1949 3222 2059 3261 nobi-

299 3290 402 3327 libus
439 3290 578 3327 litteris
615 3291 883 3342 epigramma'.
941 3293 1055 3342 Quae
1090 3295 1139 3331 ad
1170 3295 1333 3332 verbum
1364 3307 1480 3333 versa
1515 3301 1606 3332 sunt
1643 3308 1692 3332 ex
1726 3305 1869 3344 graeca
1898 3290 2058 3340 Cyriaci

300 3357 551 3395 adnotatione
581 3366 738 3396 servata
766 3361 806 3397 in
835 3360 1043 3400 Strabonis
1072 3362 1204 3399 codice
1235 3362 1413 3399 Mediceo
1444 3362 1541 3411 plut.
1564 3360 1776 3407 XXVIII,
1799 3361 1844 3397 3:
1874 3353 2059 3412 Κυριακός
