2222 3594
571 1179 1249 1257 OBSERVATIONES
1300 1180 1930 1256 EPIGRAPHICAE.

432 1490 572 1529 XVII.
630 1490 812 1531 REGES
851 1490 1143 1530 THRACIAE
1180 1491 1320 1531 INDE
1353 1492 1392 1530 A
1422 1490 1680 1531 CAESARE
1715 1489 2058 1530 DICTATORE.

364 1610 574 1718 Regum
609 1667 804 1706 Thraciae
839 1668 906 1718 qui
941 1668 1100 1706 fuerunt
1135 1673 1261 1706 aetate
1297 1668 1481 1706 Romana
1517 1667 1694 1706 ordinem
1731 1679 1819 1705 cum
1857 1666 2014 1705 decreta
2049 1666 2125 1704 duo

362 1733 651 1785 Cyzicenorum
686 1737 728 1774 in
763 1737 954 1775 honorem
983 1736 1182 1774 Antoniae
1211 1736 1477 1786 Tryphaenae
1507 1735 1738 1774 Polemonis
1766 1735 1874 1774 filiae
1907 1747 2012 1787 nova
2039 1734 2125 1773 luce

358 1803 598 1843 illustrarint
632 1818 759 1855 nuper
794 1805 844 1843 ab
874 1805 1045 1843 Ernesto
1076 1803 1214 1843 Curtio
1250 1805 1291 1842 in
1327 1805 1425 1842 actis
1463 1804 1682 1842 minoribus
1718 1803 1944 1842 academiae
1970 1803 2126 1841 Beroli-

291 1870 294 1876 '
358 1872 495 1910 nensis
514 1872 551 1923 1)
581 1874 751 1924 primum
783 1874 899 1921 edita,
930 1872 1095 1912 Curtius
1126 1879 1257 1911 autem
1286 1873 1334 1910 de
1354 1873 1522 1911 decretis
1552 1872 1602 1910 iis
1632 1878 1900 1910 commentans
1928 1871 2126 1921 reliquum

359 1952 495 1978 eorum
526 1947 800 1992 argumentum
829 1943 956 1992 magis
987 1954 1105 1992 quam
1134 1954 1198 1979 res
1221 1941 1438 1979 Thracicas
1467 1945 1699 1991 persecutus
1729 1940 1793 1987 sit,
1822 1940 1973 1991 regiam
1997 1939 2123 1978 Thra-

357 2020 446 2046 cum
477 2009 700 2059 dynastiam
721 2024 745 2048 a
765 2009 937 2049 Caesare
965 2010 1057 2048 inde
1087 2009 1290 2059 explicare
1318 2009 1360 2046 in
1389 2009 1520 2047 animo
1549 2015 1622 2047 est.
1643 2031 1698 2036 —
1717 2008 1891 2047 Thracia
1918 2021 1997 2059 quo
2026 2015 2123 2047 tem-

357 2089 452 2126 pore
472 2078 619 2116 bellum
638 2079 742 2117 inter
762 2078 975 2117 Caesarem
996 2083 1034 2115 et
1053 2077 1286 2128 Pompeium
1306 2078 1459 2115 exarsit
1486 2089 1725 2127 quamquam
1752 2077 1933 2128 pluribus
1960 2077 2122 2127 regibus

355 2145 500 2195 paruit,
533 2146 781 2197 Odrysarum
810 2159 924 2197 reges
955 2147 1004 2184 ab
1023 2145 1150 2184 Hebri
1180 2146 1289 2184 fluvii
1319 2146 1434 2184 ostiis
1465 2146 1516 2185 ad
1538 2144 1737 2184 Odessum
1765 2157 1890 2196 usque
1919 2145 2122 2184 dominan-

355 2219 415 2251 tes
429 2212 468 2263 2)
498 2214 555 2252 ita
584 2227 703 2265 super
730 2215 906 2265 reliquos
936 2214 1172 2261 eminebant,
1202 2220 1245 2252 ut
1273 2214 1483 2252 universae
1503 2213 1701 2252 Thraciae
1728 2225 1915 2265 praeesse
1945 2214 2120 2253 videren-

355 2286 419 2319 tur
432 2278 491 2332 3),
525 2296 599 2321 nec
628 2283 799 2321 dubitari
828 2288 961 2334 potest
989 2283 1030 2321 id
1058 2283 1188 2333 ipsum
1218 2294 1304 2321 esse
1332 2294 1499 2332 regnum
1529 2282 1724 2320 Thraciae
1753 2295 1789 2321 a.
1811 2282 1862 2321 46
1893 2295 1931 2333 p.
1954 2281 2049 2322 chr.
2078 2283 2121 2321 in

355 2351 582 2400 provinciae
610 2351 778 2390 formam
808 2357 1102 2390 commutatum.
1147 2350 1252 2389 Nam
1282 2351 1389 2389 bello
1420 2363 1454 2388 a.
1479 2363 1515 2388 u.
1537 2363 1568 2389 c.
1592 2350 1684 2398 725,
1714 2363 1793 2401 quo
1822 2352 1995 2390 maxime
2025 2351 2119 2389 dex-

354 2423 416 2456 tra
443 2418 533 2468 ripa
561 2419 738 2458 Danuvii
766 2420 966 2458 inferioris
995 2419 1265 2458 Romanorum
1298 2419 1404 2458 facta
1433 2430 1521 2457 esse
1549 2419 1705 2457 videtur
1732 2419 1886 2458 Moesia
1913 2418 2119 2470 provincia

354 2487 581 2535 constituta,
611 2502 635 2526 a
654 2488 751 2526 solis
773 2488 943 2538 Odrysis
966 2486 1137 2529 Crassus
1168 2487 1360 2526 abstinuit
1386 2487 1516 2538 iisque
1545 2487 1645 2526 adeo
1672 2488 1758 2539 agri
1777 2487 1915 2526 Bessis
1946 2487 2118 2538 adempti

353 2561 507 2604 partem
537 2557 719 2595 attribuit
730 2556 783 2606 4).
833 2556 952 2605 Quod
980 2556 1083 2594 infra
1112 2555 1321 2606 apparebit
1350 2556 1482 2594 sedem
1513 2568 1582 2594 eos
1610 2567 1725 2606 reges
1754 2556 1939 2594 habuisse
1966 2569 2047 2594 non
2076 2556 2117 2594 in

352 2623 514 2673 regione
544 2623 805 2675 Odrysarum,
836 2625 906 2662 sed
934 2624 976 2662 in
1003 2624 1126 2674 Bizye
1148 2624 1243 2661 urbe
1274 2624 1383 2673 regia
1411 2624 1610 2673 quondam
1630 2624 1821 2662 Astarum
1836 2621 1874 2674 ⁵)
1884 2638 1895 2671 3
1925 2624 2018 2662 item
2047 2637 2116 2663 na-

355 2691 464 2729 tione
493 2704 563 2731 eos
592 2705 722 2743 neque
752 2692 923 2743 Odrysis
953 2693 1205 2731 adnumerari
1233 2704 1361 2742 neque
1383 2693 1511 2740 Astis,
1543 2691 1613 2730 sed
1642 2691 1826 2731 diversae
1853 2693 1961 2743 genti
1985 2692 2118 2731 ‘Thra-

453 2876 484 2918 1)
517 2878 563 2911 A.
585 2879 679 2911 1874
703 2889 737 2920 p.
758 2879 776 2910 1
805 2888 875 2920 seq.
925 2878 1139 2920 Apographa
1170 2883 1204 2910 et
1234 2882 1370 2920 ectypa,
1404 2879 1525 2921 quibus
1556 2880 1628 2922 ipse
1661 2889 1742 2912 usus
1774 2883 1841 2920 est,
1882 2888 1946 2921 ego
1975 2887 2110 2921 quoque

349 2937 515 2971 beneficio
547 2940 619 2972 eius
653 2940 805 2982 inspexi,
844 2949 954 2982 neque
989 2944 1103 2972 tamen
1135 2941 1317 2983 quiequam
1348 2941 1482 2983 repperi
1516 2941 1608 2983 quod
1634 2941 1774 2974 editioni
1808 2945 1964 2973 accurate
1999 2939 2110 2973 factae

350 2999 552 3033 adiceretur.

452 3060 465 3082 ²
518 3063 642 3097 Strabo
671 3064 690 3095 7
717 3063 758 3095 fr.
780 3063 838 3095 48.

451 3062 484 3164 ³}
516 3125 571 3157 Ita
589 3125 694 3167 Cotys
718 3125 748 3157 is
775 3125 831 3167 qui
856 3123 894 3156 in
919 3124 1008 3156 bello
1026 3124 1165 3156 Persico
1193 3128 1313 3156 contra
1328 3124 1504 3157 Romanos
1529 3134 1625 3157 arma
1649 3124 1725 3156 tulit
1740 3124 1840 3157 Livio
1857 3123 1983 3156 dicitur
2003 3124 2107 3157 modo

353 3182 559 3228 Odrysarum
583 3196 643 3218 rex
669 3187 727 3226 42,
748 3186 805 3226 29,
827 3187 882 3225 12,
910 3197 938 3217 c.
959 3186 1016 3226 51,
1038 3187 1094 3225 10,
1121 3186 1225 3218 modo
1250 3195 1310 3217 rex
1341 3184 1506 3218 Thracum
1531 3186 1589 3227 45,
1609 3187 1666 3218 42.

447 3245 480 3287 ⁴)
514 3247 584 3280 Dio
607 3247 664 3288 51,
686 3247 741 3279 25.
780 3247 924 3279 Praeses
941 3247 1166 3279 Macedonia-e
1190 3257 1222 3279 a.
1239 3247 1307 3279 732
1334 3247 1510 3288 iudicium,
1539 3247 1725 3280 maiestatis
1744 3247 1876 3289 opinor,
1904 3246 2008 3279 subiit
2026 3256 2105 3288 pro-

345 3312 421 3348 pter
445 3308 570 3340 bellum
597 3307 740 3350 Odrysis
766 3318 828 3340 sua.
853 3313 973 3350 sponte
999 3308 1132 3340 illatum
1159 3307 1243 3348 (Dio
1271 3308 1328 3349 54,
1359 3309 1405 3349 3).

447 3367 478 3408 ⁵)
510 3369 566 3401 De
591 3379 632 3401 ea
657 3379 693 3401 re
719 3369 939 3411 exposuimus
965 3369 1055 3402 infra
1081 3380 1114 3411 p.
1136 3369 1217 3401 252.

2214 2939 2222 2955 s
2214 2875 2222 2888 ι.
2219 2859 2222 2863 .
2213 2582 2222 2844 amun-„amaumaen-›raen
2220 2566 2222 2569 .
2220 2544 2222 2551 .
2215 2511 2222 2532 .av
2220 2459 2221 2462 „
2215 2401 2222 2404 v
