2222 3594
315 206 377 251 20
1103 219 1285 252 KAmEL

314 340 475 371 scutata
512 339 617 379 erat3
659 333 765 382 quod
799 333 962 370 tradidit
990 346 1131 372 nomen
1162 335 1298 384 utique
1327 334 1471 372 falsum
1503 340 1573 373 est.
1633 334 1899 385 Theophanes
1927 334 2086 384 reliquit

314 401 438 439 filium
469 401 522 439 M.
554 401 787 450 Pompeium
824 406 926 439 teste
958 399 1154 440 Strabone
1184 402 1321 451 (XIII,
1353 402 1451 452 618)
1487 403 1554 452 qui
1583 403 1619 440 ei
1649 403 1755 452 apud
1785 402 1988 440 Tiberium
2020 414 2082 440 ac-

314 470 546 518 ceptissimo
576 469 755 518 aequalis
786 469 872 507 fuit.
918 470 1050 507 Paene
1081 476 1229 508 certum
1259 470 1427 518 videtur,
1458 471 1575 508 etiam
1595 476 1747 520 patrem
1767 470 1944 508 Marcum
1965 469 2084 508 Pom-

312 538 444 586 peium
475 536 718 574 nominatum
740 537 880 584 fuisse,
903 536 1170 587 Capitolinum
1193 543 1324 576 autem
1343 539 1552 576 erravisse.
1598 538 1764 588 Pompei
1787 538 1936 576 amicus
1957 538 2084 576 nesci-

313 617 401 642 mus
432 617 511 654 quo
533 600 636 642 anno
657 610 837 643 mortuus
859 605 922 643 sit.
967 606 1067 643 Post
1086 606 1280 656 proelium
1301 607 1579 644 Pharsalicum
1601 619 1689 644 cum
1710 606 1903 656 Pompeio
1925 607 2083 657 Mytile-

314 686 389 710 nen
419 673 619 723 profectus
650 686 744 711 mox
773 673 841 711 illo
872 678 1028 711 mortuo
1049 674 1217 712 Romam
1247 686 1431 712 reversus
1463 675 1545 712 otia
1572 675 1715 712 litteris
1739 675 1894 713 dicasse
1914 675 2081 712 videtur.

313 742 364 778 A.
388 741 440 778 44
470 742 573 779 inter
592 741 706 779 vivos
737 748 966 779 numeratur
995 755 1019 779 a
1040 741 1233 780 Cicerone
1263 743 1311 779 ad
1333 743 1415 780 Att.
1438 743 1516 780 XV
1541 742 1602 780 19.
1652 743 1827 780 Marcum
1847 743 2083 794 Pompeium

313 809 439 847 filium
461 810 635 860 Augusti
657 809 848 848 beneficio
869 811 993 848 Asiae
1014 817 1309 859 procuratorem
1331 810 1468 857 fuisse,
1493 810 1632 848 deinde
1654 810 1856 848 Tiberium
1878 811 1914 849 ei
1935 811 2083 849 favisse

313 876 456 916 Strabo
479 885 614 915 auctor
635 883 706 916 est.
752 879 858 915 Iram
880 891 973 915 vero
995 878 1147 916 Tiberii
1169 879 1323 928 experti
1345 885 1437 916 sunt
1458 878 1604 927 posteri
1626 879 1726 924 eius,
1747 890 1826 928 quo
1847 864 1895 916 de
1916 878 2082 917 Tacitus

317 944 403 984 Ser.
427 944 558 984 Galba
577 945 624 983 L.
649 945 763 985 Sulla
788 958 868 983 cos.
897 958 930 983 a.
950 946 1000 983 33
1027 946 1149 984 haece
1175 952 1311 983 narrat
1341 947 1410 995 (A.
1431 945 1491 983 IV
1510 945 1598 995 26):
1629 943 1762 984 ‘etiam
1789 947 1830 984 in
1851 946 2083 996 Pompeiam

313 1014 531 1051 Macrinam
567 1014 731 1052 exilium
763 1014 966 1060 statuitur,
1003 1014 1116 1052 cuius
1147 1015 1329 1052 maritum
1359 1014 1590 1064 Argolicum
1623 1026 1804 1052 socerum
1833 1013 2033 1053 Laconem
2062 1028 2083 1052 e

313 1079 555 1132 primoribus
585 1083 835 1120 Achaeorum
868 1081 1017 1120 Caesar
1054 1083 1282 1129 adflixerat3
1317 1088 1430 1131 pater
1458 1095 1615 1132 quoque
1642 1083 1822 1120 inlustris
1854 1095 1973 1132 eques
2001 1082 2084 1121 Ro-

314 1162 455 1188 manus
487 1163 533 1187 ac
562 1150 685 1188 frater
713 1150 935 1201 praetorius
966 1163 1055 1188 cum
1085 1151 1283 1188 damnatio
1314 1151 1481 1188 instaret
1510 1163 1553 1188 se
1572 1150 1647 1200 ipsi
1668 1151 1917 1188 interfecere:
1948 1151 2083 1188 datum

313 1224 399 1255 erat
433 1218 606 1265 crimini,
647 1218 751 1267 quod
782 1218 1052 1267 Theophanen
1085 1219 1369 1268 Mytilenaeum
1409 1231 1598 1267 proavum
1636 1232 1773 1256 eorum
1808 1217 1882 1257 Cn.
1913 1219 2083 1268 Magnus

312 1286 415 1323 inter
442 1286 604 1324 intimos
631 1286 836 1324 habuisset
856 1286 1038 1335 quodque
1059 1286 1241 1324 defuncto
1263 1286 1500 1335 Theophani
1520 1286 1712 1324 caelestes
1733 1287 1906 1325 honores
1928 1285 2085 1325 Graeca

313 1354 489 1391 adulatio
521 1351 735 1393 tribuerat.'
785 1354 966 1391 Proavus
999 1353 1147 1391 scilicet
1171 1353 1437 1403 Theophanes
1466 1354 1541 1392 fuit
1569 1354 1786 1403 Pompeiae
1815 1354 2017 1392 Macrinae
2046 1359 2085 1391 et

310 1422 447 1460 fratris
478 1423 681 1470 praetorii,
712 1428 755 1459 ut
782 1427 895 1472 pater
924 1422 1105 1460 inlustris
1128 1434 1248 1471 eques
1271 1422 1476 1460 Romanus
1498 1422 1622 1459 Marci
1643 1422 1811 1472 Pompei
1831 1422 1934 1460 filius
1953 1422 2083 1460 fuerit.

316 1490 471 1528 Fratris
509 1491 700 1540 praetorii
728 1490 903 1528 fortasse
933 1491 1104 1540 aliquam
1135 1491 1366 1527 memoriam
1397 1490 1579 1539 quamvis
1610 1491 1796 1541 exiguam
1827 1496 2005 1528 tenemus
2035 1503 2086 1528 ex

314 1558 451 1596 eodem
482 1558 624 1596 Tacito
660 1559 766 1596 Ann.
796 1558 816 1595 I
845 1557 895 1595 72
927 1558 981 1607 (a.
1009 1559 1056 1596 15
1092 1558 1229 1596 Druso
1268 1556 1441 1596 Caesare
1481 1557 1527 1596 C.
1564 1557 1756 1596 Norbano
1794 1558 1935 1608 coss.):
1974 1555 2084 1596 ‘mox

313 1626 501 1664 Tiberius
540 1626 790 1664 consultante
820 1626 1011 1676 Pompeio
1043 1627 1178 1664 Macro
1214 1632 1398 1676 praetore
1434 1639 1483 1663 an
1518 1626 1663 1664 iudicia
1695 1626 1916 1665 maiestatis
1946 1626 2084 1664 redde-

312 1700 460 1741 rentur,
498 1695 738 1732 exercendas
768 1695 875 1745 leges
905 1706 995 1731 esse
1024 1690 1252 1743 respondit?
1313 1692 1499 1732 Sororem
1530 1694 1652 1731 exilio
1682 1694 1886 1734 multatam
1916 1695 1956 1732 in
1985 1694 2082 1732 Les-

313 1764 408 1800 bum
440 1763 611 1811 patriam
641 1763 811 1800 insulam
840 1762 1004 1800 rediisse
1037 1762 1250 1800 verisimile
1280 1768 1352 1800 est.

423 1831 488 1868 Ad
536 1831 639 1868 hanc
685 1831 875 1868 familiam
925 1831 1106 1868 fortunae
1156 1830 1309 1868 vicibus
1355 1831 1452 1868 satis
1495 1830 1684 1880 agitatam
1729 1835 1773 1868 ut
1815 1842 1884 1868 eos
1929 1832 1999 1881 qui
2041 1831 2081 1869 in

314 1898 435 1936 titulo
480 1899 555 1936 hoc
598 1904 870 1936 memorantur
910 1899 1091 1936 homines
1134 1898 1340 1944 referrem,
1384 1899 1461 1936 tria
1503 1911 1565 1935 me
1607 1898 1864 1936 induxerunt:
1912 1899 2084 1949 primum

313 1966 593 2017 Pompeiorum
631 1979 775 2004 nomen
812 1967 978 2016 gentile,
1015 1965 1155 2004 deinde
1186 1966 1385 2004 Macrinus
1426 1978 1662 2016 cognomen,
1700 1967 1870 2017 denique
1905 1952 2013 2017 quod
2041 1967 2083 2005 in

311 2034 445 2073 Lesbo
484 2035 618 2072 insula
654 2042 833 2085 repertus
872 2041 933 2072 est
969 2034 1106 2072 titulus
1147 2039 1184 2072 et
1222 2034 1382 2084 quidem
1420 2034 1461 2071 in
1491 2035 1581 2084 ipsa
1608 2035 1939 2084 Mytilenaeorum
1971 2034 2082 2073 urbe.

313 2102 479 2140 Lemma
515 2103 620 2141 enim
657 2108 736 2140 est:
775 2103 927 2140 Ibidem
963 2103 1000 2140 h.
1030 2116 1063 2140 e.
1100 2103 1140 2140 in
1177 2102 1330 2140 balneis
1361 2101 1502 2149 Lesbi,
1539 2114 1639 2151 quae
1669 2102 1812 2141 balnea
1841 2111 1932 2141 sunt
1960 2115 2083 2153 prope

312 2171 532 2221 Mytilenen
564 2173 659 2219 sita,
689 2170 845 2209 Dianae
876 2171 1089 2208 Thermiae
1120 2171 1243 2208 sacris
1274 2170 1467 2220 festisque
1497 2171 1714 2218 celebrata,
1745 2171 1793 2209 de
1822 2171 1964 2221 quibus
1994 2170 2082 2209 vide

315 2238 449 2277 Conze
479 2239 634 2277 Lesbos
670 2253 709 2289 p.
735 2238 796 2277 16.
858 2238 1075 2277 Confirmat
1114 2226 1283 2289 denique
1320 2239 1584 2277 coniecturam
1620 2239 1674 2278 M.
1710 2239 1876 2289 Pompei
1912 2238 2079 2277 Macrini

314 2312 498 2357 quartum
528 2320 671 2345 nomen
702 2313 930 2356 corruptum
961 2309 1247 2344 ΘΕΟΙΑΝΝΕΙ.
1292 2306 1385 2345 Non
1416 2308 1573 2345 invenio
1603 2307 1698 2358 quid
1718 2307 1878 2346 facilius
1899 2307 2082 2357 aptiusve

313 2376 471 2413 restitui
501 2376 631 2426 possit
660 2388 777 2425 quam
807 2375 904 2412 illud
934 2374 1038 2425 quod
1067 2375 1258 2424 proposui
1288 2387 1430 2413 nomen
1453 2368 1652 2423 &socpoe'vov
1684 2388 1709 2413 a
1735 2375 1862 2426 gentis
1881 2375 2083 2413 conditore

314 2443 503 2481 traditum
540 2450 829 2494 receptumque.
888 2443 1099 2493 Duplieem
1138 2446 1165 2480 Ν
1203 2443 1373 2482 litteram
1410 2456 1491 2481 non
1527 2443 1694 2481 obstabo
1732 2444 1766 2482 si
1802 2443 1892 2494 quis
1928 2442 2082 2481 librarii

313 2512 587 2562 neglegentiae
623 2511 846 2550 condonare
875 2511 988 2558 velit3
1030 2512 1101 2549 sed
1135 2516 1268 2561 potest
1303 2512 1422 2549 etiam
1456 2512 1543 2561 lege
1578 2512 1648 2550 niti
1688 2524 1805 2562 quam
1834 2510 2082 2563 grammatici

315 2592 461 2629 eosque
492 2580 616 2617 secuti
646 2580 753 2617 illius
784 2580 974 2630 temporis
995 2580 1215 2617 Aeolenses
1244 2590 1296 2616 ex
1325 2580 1428 2617 male
1457 2580 1657 2618 intellecto
1686 2580 1845 2630 linguae
1865 2593 1940 2619 usu
1959 2579 2083 2618 duxe-

313 2653 416 2694 runt,
447 2647 568 2685 veluti
599 2646 819 2698 Gregorius
852 2647 943 2685 Cor.
967 2647 1064 2685 609:
1096 2639 1194 2684 οὗτοι
1224 2640 1352 2684 πάντα
1381 2643 1429 2684 ⁷0}
1460 2641 1648 2698 σύμφωνα
1679 2641 1995 2693 διπλασιάζουσιν
2024 2639 2083 2684 ἐπὶ

312 2716 385 2751 τῶν
414 2709 622 2768 βραχέων·
654 2712 700 2752 ὥς
729 2711 768 2752 τὸ
800 2709 943 2759 ἔννεπε,
973 2709 1070 2760 gitur„
1100 2708 1232 2752 κε’ννος.
1255 2737 1309 2743 ·——
1345 2718 1387 2751 ΕΙ
1420 2715 1461 2752 in
1493 2718 1560 2752 ΟΥ
1593 2722 1808 2753 correctum
1837 2715 1936 2753 nihil
1965 2715 2084 2752 habet

314 2783 568 2830 offensionis,
606 2784 724 2822 modo
758 2784 934 2821 lunatam
970 2783 1097 2821 fuisse
1132 2783 1288 2820 litterae
1328 2785 1354 2818 Ε
1390 2783 1558 2820 formam
1588 2783 1717 2833 fingas
1749 2782 1827 2833 (Ε).
1887 2785 2082 2821 Accurate

313 2852 417 2889 enim
454 2864 623 2902 usquam
659 2852 880 2890 litterarum
914 2852 1062 2901 figuras
1100 2851 1142 2888 in
1180 2851 1255 2888 hoc
1292 2851 1522 2900 apographo
1552 2851 1718 2889 traditas
1749 2862 1838 2889 esse
1865 2851 1982 2889 valde
2011 2842 2082 2889 du·

312 2919 413 2967 bito,
446 2920 480 2957 si
509 2920 667 2970 quidem
697 2926 740 2958 ut
769 2933 888 2958 unum
917 2919 1118 2970 proferam
1146 2919 1302 2956 litterae
1333 2922 1364 2955 ὦ
1391 2918 1434 2956 in
1463 2918 1644 2956 omnibus
1674 2919 1752 2956 illis
1782 2918 1879 2958 satis
1903 2918 2083 2958 diversae

313 2987 455 3024 aetatis
492 2988 620 3026 titulis
657 2989 785 3039 figura
820 2988 956 3027 eadem
993 2988 1168 3038 pingitur
1204 2986 1253 3024 ad
1290 2990 1332 3024 ω
1368 2987 1550 3037 proxime
1590 2986 1794 3025 accedens.
1856 2987 1922 3026 De
1955 2987 2084 3025 forma

314 3055 482 3104 denique
503 3057 675 3106 genetivi
695 3049 910 3107 Θεοφάνου,
939 3068 1041 3106 quae
1070 3055 1300 3094 traditorum
1331 3055 1511 3105 vestigiis
1533 3055 1838 3102 commendatur,
1869 3055 1917 3093 cf.
1938 3055 2082 3093 Weck-

311 3122 390 3160 lein
421 3121 549 3161 Curae
580 3125 704 3175 epigr.
735 3138 774 3175 p.
798 3124 861 3162 23.

422 3189 628 3230 Habemus
665 3193 787 3241 igitur
822 3192 876 3230 M.
912 3192 1149 3242 Pompeium
1183 3191 1406 3230 Macrinum
1437 3191 1719 3242 Theophanem
1755 3195 1929 3242 patrem,
1963 3189 2080 3228 Pom-

312 3256 444 3306 peiam
474 3259 783 3310 Agrippinillam
813 3261 936 3298 filiam
968 3261 1210 3311 eandemque
1241 3272 1407 3298 uxorem
1431 3259 1485 3298 M.
1509 3257 1629 3298 Gabii
1659 3259 1710 3308 (s-
1734 3257 1871 3308 Gavii)
1905 3285 2080 3295 .......
