2222 3594
327 221 424 268 252
728 234 1137 269 OBSERVATIONES
1172 236 1537 270 EPIGRAPHICAE
1562 236 1686 269 xvn.

859 397 1041 425 ΒΑΣΙΛΕΥΣ
1071 397 1201 425 ΚΟΤΥΣ
1231 398 1392 426 ΒΑΣΙΛΕΑ
1421 398 1575 425 ΣΑΔΑΛΑ

858 466 922 493 ΚΑΙ
952 466 1176 494 ΒΑΣΙΛΙΣΣΑΝ
1205 466 1577 494 ΠΟΛΕΜΟΚΡΑΤΕΙΑΝ

980 534 1084 562 ΤΟΥξ
1113 533 1269 562 ΕΑΥΤΟΥ
1297 534 1441 562 ΓΟΝΕΙΣ

1030 601 1149 630 ΘΕΟΙΣ
1180 602 1390 630 ΠΑΤΡΩῙΟῙΣ

326 700 446 740 Unde
476 715 565 740 cum
597 701 790 740 efficiatur
818 703 978 753 reginae
1007 703 1323 741 Polemocratiae
1352 704 1538 741 maritum
1570 715 1715 741 nomen
1752 702 1941 740 habuisse
1971 700 2094 742 Sada-

325 770 420 818 lam,
450 783 523 808 nec
552 775 657 808 recte
677 771 841 820 cogitari
870 771 1000 822 possit
1029 772 1077 809 de
1098 771 1251 809 duabus
1281 771 1429 822 reginis
1453 771 1630 809 eiusdem
1658 771 1830 809 nominis
1860 771 2096 820 praesertim

326 839 366 876 in
395 845 506 877 tanta
523 839 706 877 vocabuli
736 839 911 886 raritate,
942 846 1108 890 apparet
1130 839 1318 879 Sadalam
1337 839 1656 877 Polemocratiae
1686 839 1870 876 maritum
1898 851 1979 876 non
2009 839 2095 877 sine

325 907 465 945 liberis
496 907 717 945 decessisse
747 920 818 945 nec
846 920 1009 958 regnum
1030 907 1224 945 Romanis
1253 907 1467 958 legavisse,
1501 907 1570 945 sed
1600 907 1748 945 obiisse
1777 906 1917 946 relicto
1946 906 2097 944 infante

325 975 408 1012 filio
430 975 495 1012 vel
523 976 671 1025 potius,
702 981 743 1013 ut
772 976 877 1013 infra
896 975 1128 1023 videbimus,
1159 976 1265 1023 filiis,
1296 988 1368 1013 nec
1396 975 1627 1013 hereditatis
1646 975 1816 1022 nomine,
1849 975 1918 1012 sed
1946 975 2096 1013 tutelae

327 1042 494 1080 Brutum
525 1056 690 1094 regnum
719 1044 988 1094 occupavisse.
1046 1043 1239 1082 Inventus
1270 1051 1332 1081 est
1360 1043 1498 1082 titulus
1527 1043 1568 1081 in
1598 1043 1744 1093 oppido
1775 1042 1972 1081 Thraciae
1992 1042 2094 1080 Viza

326 1110 458 1159 hodie,
489 1111 585 1149 olim
614 1111 739 1162 Bizye
769 1112 845 1150 sito
874 1112 916 1149 in
945 1111 1248 1150 mediterraneis
1280 1124 1402 1162 supra
1432 1110 1743 1161 Salmydessum.
1787 1111 1850 1149 Ea
1877 1110 1975 1149 urbs
2005 1123 2094 1148 cum

327 1179 433 1229 apud
463 1179 677 1230 scriptores
709 1178 888 1218 Graecos
917 1180 1028 1230 regia
1056 1180 1206 1218 feratur
1235 1180 1426 1218 Astarum
1455 1179 1652 1218 Thraciae
1681 1179 1823 1230 gentis,
1853 1179 1960 1228 apud
1985 1178 2095 1217 Lati-

324 1258 398 1284 nos
428 1260 565 1298 regum
587 1247 791 1286 Thracum
809 1247 859 1297 1),
892 1248 1100 1286 universae
1121 1248 1318 1286 Thraciae
1346 1260 1461 1298 reges
1492 1260 1562 1286 eos
1592 1248 1640 1286 de
1661 1248 1803 1298 quibus
1826 1259 1901 1286 nos
1936 1247 2093 1297 agimus

324 1314 380 1353 ibi
423 1315 675 1365 potissimum
711 1316 845 1354 sedem
888 1316 1074 1355 habuisse
1116 1316 1256 1354 titulus
1302 1328 1423 1367 supra
1464 1316 1691 1366 propositus
1733 1315 1960 1362 confirmat3
2002 1327 2095 1353 nam

323 1381 452 1434 Cotys
481 1396 555 1422 rex
585 1385 653 1422 ubi
681 1385 910 1434 parentibus
931 1384 1158 1423 memoriam
1186 1385 1377 1435 posuerit,
1406 1384 1462 1422 ibi
1493 1397 1581 1422 eum
1609 1383 1855 1423 habitavisse
1885 1389 2093 1422 consenta-

324 1463 443 1489 neum
474 1457 546 1490 est.

435 1518 516 1557 Per
536 1520 640 1558 bella
661 1520 795 1558 civilia
814 1521 1085 1559 Romanorum
1116 1526 1230 1573 gesta
1258 1534 1282 1559 a
1301 1526 1427 1559 morte
1448 1519 1636 1559 Caesaris
1667 1520 1872 1561 dictatoris
1901 1520 1954 1559 ad
1981 1532 2096 1572 proe-

323 1587 420 1626 lium
450 1600 575 1638 usque
605 1589 816 1627 Actiacum
846 1590 916 1639 qui
945 1595 1304 1628 commemorantur
1334 1589 1520 1627 Thracici
1548 1601 1682 1640 reges,
1716 1601 1879 1628 numero
1908 1594 2095 1639 quattuor

325 1661 416 1694 sunt
443 1656 733 1707 Rhescuporis,
762 1657 968 1706 Rhascus,
1001 1657 1168 1705 sadala,
1196 1658 1512 1696 Rhoemetalces.
1570 1657 1636 1695 Ex
1664 1658 1728 1696 his
1757 1657 2027 1708 Rhescuporis
2057 1661 2096 1694 et

324 1723 509 1762 Rhascus
544 1725 687 1763 fratres
723 1726 854 1776 reguli
888 1726 1049 1764 fuerunt
1086 1725 1332 1776 Sapaeorum
1370 1726 1499 1777 gentis
1532 1726 1575 1763 in
1613 1725 1794 1763 confiniis
1824 1725 2021 1782 Thraciae
2057 1731 2096 1762 et

326 1791 583 1832 Macedoniae
613 1794 854 1832 constitutae
869 1792 924 1844 ²),
954 1807 1122 1844 quorum
1151 1795 1218 1832 ille
1249 1799 1287 1833 et
1316 1799 1433 1832 antea
1457 1794 1693 1844 Pompeium
1723 1799 1862 1832 contra
1882 1792 2094 1832 Caesarem

324 1860 581 1910 adiuveratss)
625 1868 664 1900 et
701 1862 870 1900 Brutum
907 1863 1059 1901 adiuvit
1094 1862 1233 1900 Bessis
1267 1862 1414 1900 bellum
1451 1862 1684 1900 inferentem
1698 1861 1751 1911 4).
1810 1861 1925 1899 Bello
1962 1865 2092 1899 autem

322 1927 576 1979 Philippensi
604 1929 876 1980 Rhescuporis
906 1929 1039 1969 Cassii
1068 1935 1201 1980 partes
1234 1936 1405 1978 secutus,
1451 1930 1633 1968 Rhascus
1666 1930 1831 1968 Antonii
1861 1941 1958 1967 suae
1986 1934 2093 1967 uter-

324 2008 400 2046 que
421 1998 525 2048 parti
545 1997 806 2037 fortissimam
827 2011 990 2050 operam
1010 1998 1171 2037 navavit
1185 1996 1246 2047 5);
1274 2011 1353 2049 quo
1375 2010 1447 2037 suo
1469 1998 1608 2036 merito
1624 1997 1808 2036 Rhascus
1823 1997 1978 2036 devicto
1993 1996 2092 2036 Cas-

426 2270 457 2314 ¹)
492 2273 605 2308 Strab.
627 2274 646 2305 7
671 2273 713 2305 fr.
733 2274 798 2306 48:
829 2269 960 2305 Ἀστῶν
988 2270 1023 2304 δὲ
1050 2269 1228 2314 βασίλειον
1251 2264 1288 2314 ἧν
1310 2266 1427 2315 Βιζύη.
1470 2273 1588 2315 steph.
1614 2272 1715 2314 Byz.:
1740 2265 1844 2316 Βιζιῖη
1870 2264 1971 2310 miluc
1997 2265 2093 2318 Θρᾴ-

323 2345 379 2375 κης
402 2327 442 2366 τδ
466 2332 526 2366 τῶν
549 2329 676 2366 Ἀστῶν
695 2330 882 2373 βασίλειον.
921 2335 1012 2367 Plin.
1031 2336 1064 2375 4,
1087 2337 1143 2375 11,
1165 2336 1208 2367 57
1237 2334 1293 2375 (cf.
1315 2334 1424 2368 Solin.
1447 2336 1501 2374 10,
1525 2333 1601 2374 18):
1628 2332 1732 2377 Bizye
1758 2345 1822 2367 arx
1845 2345 1959 2379 requm
1981 2333 2088 2367 ΤΙινα-

324 2396 407 2435 ciae,
437 2407 459 2427 α
482 2394 580 2428 Terei
603 2395 731 2438 nefasto
757 2396 869 2428 invisa
893 2394 1137 2428 hirundmibus.
1176 2398 1283 2428 Astae
1310 2396 1510 2428 habitabant
1533 2396 1570 2427 in
1595 2396 1854 2429 mediterraneis
1880 2406 1901 2429 a
1923 2396 2089 2429 Perintho

324 2458 369 2489 ad
394 2458 620 2499 Apolloniam
646 2457 806 2497 (Ptolem.
826 2458 859 2498 3,
882 2460 914 2498 1,
936 2460 992 2498 10,
1021 2458 1063 2490 ef.
1088 2458 1161 2490 Liv.
1188 2458 1245 2498 38,
1272 2458 1343 2498 40).
1395 2458 1490 2489 Inter
1512 2457 1630 2489 titulos
1656 2468 1801 2499 quorum
1825 2458 2088 2491 Mordtmannus

323 2518 408 2551 mihi
433 2519 569 2561 copiam
593 2519 675 2551 fecit
700 2519 756 2551 hic
783 2524 833 2551 est
858 2524 1019 2562 exceptus
1045 2520 1081 2551 in
1107 2519 1233 2561 oppido
1260 2519 1429 2551 Tschorlfi
1453 2528 1560 2561 prope
1585 2518 1742 2551 Perinthi
1767 2520 1892 2552 rudera
1918 2518 1975 2559 (cf.
1997 2519 2036 2552 C.
2058 2519 2088 2551 I.

327 2579 388 2613 Gr.
414 2591 449 2612 n.
473 2580 599 2620 2023):

978 2638 1457 2667 MEP1021DYA10z10YAA0}

979 2705 1451 2733 ετΡΑτΗι-οεΑετικΗεηεΡι

980 2754 1507 2802 ΠεΡιΝΘοΝὲγΧΑΡιετι-ιριοΝ

324 2856 361 2889 id
395 2861 446 2889 est
477 2853 670 2900 [Τι]βέριος
696 2847 875 2898 Ἰ[ο]ι5λιος
909 2854 1132 2898 [mammae
1158 2856 1198 2897 (Ρ)
1236 2849 1417 2900 στρατηγδς
1448 2850 1605 2897 Ἀστικῆς
1637 2853 1711 2900 περὶ
1744 2852 1915 2900 Πέρινθον
1948 2850 2086 2902 εὔχαρι-

327 2910 472 2962 στήριον.

426 2977 458 3020 2)
488 2980 583 3012 Haec
607 2979 707 3021 plene
733 2979 973 3021 intelleguntur
998 2989 1041 3011 ex
1067 2982 1225 3012 accurata
1250 2979 1445 3011 narratione
1472 2979 1623 3021 Appiani
1648 2979 1680 3010 b.
1707 2989 1736 3010 c.
1754 2979 1788 3019 4,
1809 2979 1866 3011 87.

426 3039 459 3081 ³)
494 3041 592 3073 Caes.
610 3041 643 3072 b.
671 3051 698 3072 c.
720 3040 753 3081 3,
774 3041 814 3073 4:
852 3051 891 3072 ex
909 3039 1114 3073 Macedonia
1144 3038 1204 3072 CC
1224 3044 1328 3079 erant,
1358 3038 1474 3082 quibus
1493 3038 1711 3083 Rhaseipolis
1729 3043 1893 3083 praeerat
1916 3038 2090 3072 excellenti

325 3102 458 3134 virtute.
507 3103 637 3134 Lucan.
657 3101 689 3142 5,
711 3101 775 3134 55:
808 3101 942 3144 yelidae
972 3101 1121 3134 dominus
1145 3100 1361 3144 Rhascipolis
1395 3111 1484 3133 orae.
1535 3101 1660 3143 Sapaei
1693 3112 1769 3133 cum
1799 3102 1879 3143 iuga
1903 3100 2087 3142 Rhodopes

326 3167 506 3206 occupent,
534 3163 655 3206 quibus
680 3163 886 3195 Macedonia
912 3168 945 3195 et
970 3164 1120 3196 Thracia
1145 3167 1360 3205 separantur,
1394 3162 1469 3204 pari
1493 3162 1565 3194 fere
1590 3163 1663 3194 iure
1688 3163 1821 3205 utrique
1847 3168 1957 3195 terrae
1983 3161 2086 3193 tribui

326 3229 520 3266 potuerunt.
575 3223 696 3257 Gelz'da
722 3235 784 3257 ora
808 3229 859 3257 est
883 3225 963 3257 litus
988 3225 1030 3258 ab
1057 3225 1199 3257 Abdera
1227 3225 1271 3257 ad
1297 3225 1384 3256 ostia
1409 3224 1504 3256 fluvii
1530 3224 1638 3258 Nesti.

428 3284 461 3326 ⁴)
494 3285 565 3318 Dio
591 3286 649 3326 47,
679 3286 735 3319 25.

431 3345 462 3386 ⁵)
494 3347 676 3389 Appianas
701 3347 733 3379 b.
761 3357 789 3379 c.
808 3348 842 3387 4,
862 3348 918 3379 87.
941 3347 1020 3379 103.
1042 3347 1121 3379 104.
1143 3347 1223 3379 129.
