<?xml version="1.0" encoding="UTF-8"?>
<!DOCTYPE html PUBLIC "-//W3C//DTD XHTML 1.0 Transitional//EN"
    "http://www.w3.org/TR/xhtml1/DTD/xhtml1-transitional.dtd">
<html xmlns="http://www.w3.org/1999/xhtml" xml:lang="en" lang="en">
 <head>
  <title>
</title>
<meta http-equiv="Content-Type" content="text/html;charset=utf-8" />
  <meta name='ocr-system' content='tesseract 3.04.00' />
  <meta name='ocr-capabilities' content='ocr_page ocr_carea ocr_par ocr_line ocrx_word'/>
</head>
<body>
  <div class='ocr_page' id='page_1' title='image "./ephemerisepigrap02deutuoft_0038.png"; bbox 0 0 2222 3594; ppageno 0'>
   <div class='ocr_carea' id='block_1_1' title="bbox 342 193 1328 240">
    <p class='ocr_par' dir='ltr' id='par_1_1' title="bbox 342 193 1328 240">
     <span class='ocr_line' id='line_1_1' title="bbox 342 193 1328 240; baseline 0.002 -2"><span class='ocrx_word' id='word_1_1' title='bbox 342 193 405 238; x_wconf 89' lang='lat'>30</span> <span class='ocrx_word' id='word_1_2' title='bbox 1129 201 1328 240; x_wconf 79' lang='lat' dir='ltr'>HUBNER</span> 
     </span>
    </p>
   </div>
   <div class='ocr_carea' id='block_1_2' title="bbox 1026 273 1155 278">
    <p class='ocr_par' dir='ltr' id='par_1_2' title="bbox 1026 273 1155 278">
     <span class='ocr_line' id='line_1_2' title="bbox 1026 273 1155 278; baseline 0 0"><span class='ocrx_word' id='word_1_3' title='bbox 1026 273 1155 278; x_wconf 95' lang='lat' dir='ltr'> </span> 
     </span>
    </p>
   </div>
   <div class='ocr_carea' id='block_1_3' title="bbox 1157 275 1358 279">
    <p class='ocr_par' dir='ltr' id='par_1_3' title="bbox 1157 275 1358 279">
     <span class='ocr_line' id='line_1_3' title="bbox 1157 275 1358 279; baseline 0 0"><span class='ocrx_word' id='word_1_4' title='bbox 1157 275 1358 279; x_wconf 95' lang='lat' dir='ltr'> </span> 
     </span>
    </p>
   </div>
   <div class='ocr_carea' id='block_1_4' title="bbox 339 320 2109 712">
    <p class='ocr_par' dir='ltr' id='par_1_4' title="bbox 339 320 2109 426">
     <span class='ocr_line' id='line_1_4' title="bbox 341 320 2109 372; baseline 0.001 -15"><span class='ocrx_word' id='word_1_5' title='bbox 341 323 356 357; x_wconf 82' lang='lat' dir='ltr'>i</span> <span class='ocrx_word' id='word_1_6' title='bbox 386 320 486 358; x_wconf 85' lang='lat' dir='ltr'>illud</span> <span class='ocrx_word' id='word_1_7' title='bbox 517 327 607 358; x_wconf 86' lang='lat' dir='ltr'>ante</span> <span class='ocrx_word' id='word_1_8' title='bbox 637 333 688 357; x_wconf 80' lang='lat' dir='ltr'>an</span> <span class='ocrx_word' id='word_1_9' title='bbox 718 320 905 358; x_wconf 84' lang='lat' dir='ltr'>suffixum</span> <span class='ocrx_word' id='word_1_10' title='bbox 937 328 1115 369; x_wconf 84' lang='lat' dir='ltr'>servant3</span> <span class='ocrx_word' id='word_1_11' title='bbox 1145 322 1185 359; x_wconf 90' lang='lat' dir='ltr'>in</span> <span class='ocrx_word' id='word_1_12' title='bbox 1213 325 1325 360; x_wconf 75' lang='lat' dir='ltr'>ianus</span> <span class='ocrx_word' id='word_1_13' title='bbox 1354 322 1474 372; x_wconf 86' lang='lat' dir='ltr'>igitur</span> <span class='ocrx_word' id='word_1_14' title='bbox 1502 322 1672 360; x_wconf 86' lang='lat' dir='ltr'>formata</span> <span class='ocrx_word' id='word_1_15' title='bbox 1701 326 1795 359; x_wconf 90' lang='lat' dir='ltr'>sunt</span> <span class='ocrx_word' id='word_1_16' title='bbox 1823 321 2002 370; x_wconf 84' lang='lat' dir='ltr'>proprie,</span> <span class='ocrx_word' id='word_1_17' title='bbox 2029 332 2109 359; x_wconf 88' lang='lat' dir='ltr'>non</span> 
     </span>
     <span class='ocr_line' id='line_1_5' title="bbox 339 387 519 426; baseline 0.006 -1"><span class='ocrx_word' id='word_1_18' title='bbox 339 387 380 426; x_wconf 90' lang='lat' dir='ltr'>in</span> <span class='ocrx_word' id='word_1_19' title='bbox 410 401 519 426; x_wconf 80' lang='lat' dir='ltr'>anus.</span> 
     </span>
    </p>

    <p class='ocr_par' dir='ltr' id='par_1_5' title="bbox 340 455 2109 712">
     <span class='ocr_line' id='line_1_6' title="bbox 451 455 2107 508; baseline 0 -14"><span class='ocrx_word' id='word_1_20' title='bbox 451 456 564 495; x_wconf 86' lang='lat' dir='ltr'>Haec</span> <span class='ocrx_word' id='word_1_21' title='bbox 589 457 881 508; x_wconf 88' lang='lat' dir='ltr'>praemonenda</span> <span class='ocrx_word' id='word_1_22' title='bbox 901 462 1026 504; x_wconf 89' lang='lat' dir='ltr'>erant,</span> <span class='ocrx_word' id='word_1_23' title='bbox 1055 459 1287 508; x_wconf 82' lang='lat' dir='ltr'>priusquam</span> <span class='ocrx_word' id='word_1_24' title='bbox 1309 457 1360 495; x_wconf 93' lang='lat' dir='ltr'>ad</span> <span class='ocrx_word' id='word_1_25' title='bbox 1380 458 1628 507; x_wconf 86' lang='lat' dir='ltr'>propositum</span> <span class='ocrx_word' id='word_1_26' title='bbox 1650 457 1835 496; x_wconf 84' lang='lat' dir='ltr'>accedere</span> <span class='ocrx_word' id='word_1_27' title='bbox 1854 457 1959 495; x_wconf 88' lang='lat' dir='ltr'>licet.</span> <span class='ocrx_word' id='word_1_28' title='bbox 2002 455 2107 494; x_wconf 91' lang='lat' dir='ltr'>Nam</span> 
     </span>
     <span class='ocr_line' id='line_1_7' title="bbox 341 524 2108 577; baseline 0 -16"><span class='ocrx_word' id='word_1_29' title='bbox 341 524 420 562; x_wconf 88' lang='lat' dir='ltr'>dici</span> <span class='ocrx_word' id='word_1_30' title='bbox 449 529 581 575; x_wconf 87' lang='lat' dir='ltr'>potest</span> <span class='ocrx_word' id='word_1_31' title='bbox 616 525 735 563; x_wconf 87' lang='lat' dir='ltr'>etiam</span> <span class='ocrx_word' id='word_1_32' title='bbox 773 525 822 563; x_wconf 90' lang='lat' dir='ltr'>de</span> <span class='ocrx_word' id='word_1_33' title='bbox 858 526 1155 576; x_wconf 86' lang='lat' dir='ltr'>quaestionibus</span> <span class='ocrx_word' id='word_1_34' title='bbox 1184 526 1292 563; x_wconf 88' lang='lat' dir='ltr'>hisce</span> <span class='ocrx_word' id='word_1_35' title='bbox 1324 526 1673 577; x_wconf 84' lang='lat' dir='ltr'>onomatologicis,</span> <span class='ocrx_word' id='word_1_36' title='bbox 1709 526 1815 576; x_wconf 90' lang='lat' dir='ltr'>quod</span> <span class='ocrx_word' id='word_1_37' title='bbox 1850 525 1899 563; x_wconf 91' lang='lat' dir='ltr'>de</span> <span class='ocrx_word' id='word_1_38' title='bbox 1928 524 2018 562; x_wconf 88' lang='lat' dir='ltr'>aliis</span> <span class='ocrx_word' id='word_1_39' title='bbox 2047 537 2108 562; x_wconf 90' lang='lat' dir='ltr'>re-</span> 
     </span>
     <span class='ocr_line' id='line_1_8' title="bbox 340 592 2109 645; baseline 0 -15"><span class='ocrx_word' id='word_1_40' title='bbox 340 592 414 630; x_wconf 88' lang='lat' dir='ltr'>bus</span> <span class='ocrx_word' id='word_1_41' title='bbox 444 592 591 631; x_wconf 89' lang='lat' dir='ltr'>dictum</span> <span class='ocrx_word' id='word_1_42' title='bbox 621 599 700 631; x_wconf 87' lang='lat' dir='ltr'>est:</span> <span class='ocrx_word' id='word_1_43' title='bbox 731 593 857 644; x_wconf 88' lang='lat' dir='ltr'>siquis</span> <span class='ocrx_word' id='word_1_44' title='bbox 887 606 1008 631; x_wconf 90' lang='lat' dir='ltr'>unum</span> <span class='ocrx_word' id='word_1_45' title='bbox 1039 594 1240 631; x_wconf 88' lang='lat' dir='ltr'>nominum</span> <span class='ocrx_word' id='word_1_46' title='bbox 1271 606 1396 645; x_wconf 88' lang='lat' dir='ltr'>genus</span> <span class='ocrx_word' id='word_1_47' title='bbox 1426 594 1548 641; x_wconf 86' lang='lat' dir='ltr'>novit,</span> <span class='ocrx_word' id='word_1_48' title='bbox 1579 593 1732 631; x_wconf 92' lang='lat' dir='ltr'>nullum</span> <span class='ocrx_word' id='word_1_49' title='bbox 1760 593 1888 640; x_wconf 84' lang='lat' dir='ltr'>novit3</span> <span class='ocrx_word' id='word_1_50' title='bbox 1921 592 1955 630; x_wconf 90' lang='lat' dir='ltr'>si</span> <span class='ocrx_word' id='word_1_51' title='bbox 1976 592 2109 631; x_wconf 89' lang='lat' dir='ltr'>omnia</span> 
     </span>
     <span class='ocr_line' id='line_1_9' title="bbox 340 660 2108 712; baseline 0.001 -15"><span class='ocrx_word' id='word_1_52' title='bbox 340 660 470 708; x_wconf 89' lang='lat' dir='ltr'>novit,</span> <span class='ocrx_word' id='word_1_53' title='bbox 508 674 630 699; x_wconf 90' lang='lat' dir='ltr'>unum</span> <span class='ocrx_word' id='word_1_54' title='bbox 666 661 787 699; x_wconf 90' lang='lat' dir='ltr'>novit.</span> <span class='ocrx_word' id='word_1_55' title='bbox 845 661 1003 700; x_wconf 84' lang='lat' dir='ltr'>Deinde</span> <span class='ocrx_word' id='word_1_56' title='bbox 1038 662 1107 712; x_wconf 90' lang='lat' dir='ltr'>qui</span> <span class='ocrx_word' id='word_1_57' title='bbox 1139 662 1181 699; x_wconf 91' lang='lat' dir='ltr'>in</span> <span class='ocrx_word' id='word_1_58' title='bbox 1210 662 1433 700; x_wconf 90' lang='lat' dir='ltr'>nominibus</span> <span class='ocrx_word' id='word_1_59' title='bbox 1463 662 1636 712; x_wconf 90' lang='lat' dir='ltr'>propriis</span> <span class='ocrx_word' id='word_1_60' title='bbox 1666 661 1882 700; x_wconf 84' lang='lat' dir='ltr'>tractandis</span> <span class='ocrx_word' id='word_1_61' title='bbox 1911 666 2108 708; x_wconf 86' lang='lat' dir='ltr'>versatur,</span> 
     </span>
    </p>
   </div>
   <div class='ocr_carea' id='block_1_5' title="bbox 341 728 2173 780">
    <p class='ocr_par' dir='ltr' id='par_1_6' title="bbox 341 728 2173 780">
     <span class='ocr_line' id='line_1_10' title="bbox 341 728 2173 780; baseline 0.002 -15"><span class='ocrx_word' id='word_1_62' title='bbox 341 728 377 766; x_wconf 91' lang='lat' dir='ltr'>ei</span> <span class='ocrx_word' id='word_1_63' title='bbox 421 741 509 766; x_wconf 91' lang='lat' dir='ltr'>cum</span> <span class='ocrx_word' id='word_1_64' title='bbox 549 730 665 779; x_wconf 83' lang='lat' dir='ltr'>quasi</span> <span class='ocrx_word' id='word_1_65' title='bbox 699 729 741 767; x_wconf 88' lang='lat' dir='ltr'>in</span> <span class='ocrx_word' id='word_1_66' title='bbox 777 741 926 768; x_wconf 87' lang='lat' dir='ltr'>oceano</span> <span class='ocrx_word' id='word_1_67' title='bbox 963 731 1135 780; x_wconf 90' lang='lat' dir='ltr'>quodam</span> <span class='ocrx_word' id='word_1_68' title='bbox 1173 730 1445 780; x_wconf 84' lang='lat' dir='ltr'>exemplorum</span> <span class='ocrx_word' id='word_1_69' title='bbox 1482 730 1699 767; x_wconf 91' lang='lat' dir='ltr'>natandum</span> <span class='ocrx_word' id='word_1_70' title='bbox 1734 730 1787 768; x_wconf 89' lang='lat' dir='ltr'>sit</span> <span class='ocrx_word' id='word_1_71' title='bbox 1819 729 1983 780; x_wconf 87' lang='lat' dir='ltr'>prodest</span> <span class='ocrx_word' id='word_1_72' title='bbox 2021 729 2108 778; x_wconf 92' lang='lat' dir='ltr'>qui·</span> <span class='ocrx_word' id='word_1_73' title='bbox 2164 761 2173 769; x_wconf 86' lang='lat'>.</span> 
     </span>
    </p>
   </div>
   <div class='ocr_carea' id='block_1_6' title="bbox 340 796 2114 2074">
    <p class='ocr_par' dir='ltr' id='par_1_7' title="bbox 340 796 2110 1256">
     <span class='ocr_line' id='line_1_11' title="bbox 342 796 2110 847; baseline 0 -13"><span class='ocrx_word' id='word_1_74' title='bbox 342 796 430 834; x_wconf 90' lang='lat' dir='ltr'>dem</span> <span class='ocrx_word' id='word_1_75' title='bbox 460 797 558 835; x_wconf 90' lang='lat' dir='ltr'>haec</span> <span class='ocrx_word' id='word_1_76' title='bbox 587 796 722 847; x_wconf 89' lang='lat' dir='ltr'>copia,</span> <span class='ocrx_word' id='word_1_77' title='bbox 757 810 848 836; x_wconf 90' lang='lat' dir='ltr'>nam</span> <span class='ocrx_word' id='word_1_78' title='bbox 879 811 929 835; x_wconf 85' lang='lat' dir='ltr'>ex</span> <span class='ocrx_word' id='word_1_79' title='bbox 957 798 1169 836; x_wconf 91' lang='lat' dir='ltr'>multarum</span> <span class='ocrx_word' id='word_1_80' title='bbox 1199 811 1330 835; x_wconf 91' lang='lat' dir='ltr'>rerum</span> <span class='ocrx_word' id='word_1_81' title='bbox 1360 798 1423 836; x_wconf 85' lang='lat' dir='ltr'>vel</span> <span class='ocrx_word' id='word_1_82' title='bbox 1453 798 1734 847; x_wconf 86' lang='lat' dir='ltr'>aequabilitate</span> <span class='ocrx_word' id='word_1_83' title='bbox 1762 797 1826 835; x_wconf 84' lang='lat' dir='ltr'>vel</span> <span class='ocrx_word' id='word_1_84' title='bbox 1855 797 2110 835; x_wconf 83' lang='lat' dir='ltr'>similitudine</span> 
     </span>
     <span class='ocr_line' id='line_1_12' title="bbox 340 865 2109 916; baseline 0 -14"><span class='ocrx_word' id='word_1_85' title='bbox 340 877 438 903; x_wconf 89' lang='lat' dir='ltr'>usus</span> <span class='ocrx_word' id='word_1_86' title='bbox 474 865 582 915; x_wconf 90' lang='lat' dir='ltr'>leges</span> <span class='ocrx_word' id='word_1_87' title='bbox 617 865 734 916; x_wconf 90' lang='lat' dir='ltr'>plene</span> <span class='ocrx_word' id='word_1_88' title='bbox 768 866 941 916; x_wconf 79' lang='lat' dir='ltr'>perspici</span> <span class='ocrx_word' id='word_1_89' title='bbox 976 871 1162 915; x_wconf 84' lang='lat' dir='ltr'>possunt,</span> <span class='ocrx_word' id='word_1_90' title='bbox 1199 866 1267 904; x_wconf 90' lang='lat' dir='ltr'>sed</span> <span class='ocrx_word' id='word_1_91' title='bbox 1297 866 1433 904; x_wconf 87' lang='lat' dir='ltr'>eadem</span> <span class='ocrx_word' id='word_1_92' title='bbox 1463 866 1581 903; x_wconf 89' lang='lat' dir='ltr'>etiam</span> <span class='ocrx_word' id='word_1_93' title='bbox 1612 865 1865 903; x_wconf 87' lang='lat' dir='ltr'>difficultates</span> <span class='ocrx_word' id='word_1_94' title='bbox 1895 872 2002 903; x_wconf 90' lang='lat' dir='ltr'>creat</span> <span class='ocrx_word' id='word_1_95' title='bbox 2029 877 2109 902; x_wconf 90' lang='lat' dir='ltr'>non</span> 
     </span>
     <span class='ocr_line' id='line_1_13' title="bbox 340 932 2110 983; baseline 0 -13"><span class='ocrx_word' id='word_1_96' title='bbox 340 945 507 983; x_wconf 86' lang='lat' dir='ltr'>parvas;</span> <span class='ocrx_word' id='word_1_97' title='bbox 542 945 636 971; x_wconf 88' lang='lat' dir='ltr'>nam</span> <span class='ocrx_word' id='word_1_98' title='bbox 672 940 769 983; x_wconf 91' lang='lat' dir='ltr'>quot</span> <span class='ocrx_word' id='word_1_99' title='bbox 805 934 1009 983; x_wconf 85' lang='lat' dir='ltr'>exempla,</span> <span class='ocrx_word' id='word_1_100' title='bbox 1044 939 1104 972; x_wconf 89' lang='lat' dir='ltr'>tot</span> <span class='ocrx_word' id='word_1_101' title='bbox 1138 934 1257 971; x_wconf 89' lang='lat' dir='ltr'>etiam</span> <span class='ocrx_word' id='word_1_102' title='bbox 1294 934 1378 971; x_wconf 87' lang='lat' dir='ltr'>fere</span> <span class='ocrx_word' id='word_1_103' title='bbox 1412 934 1455 971; x_wconf 88' lang='lat' dir='ltr'>in</span> <span class='ocrx_word' id='word_1_104' title='bbox 1490 945 1563 971; x_wconf 87' lang='lat' dir='ltr'>usu</span> <span class='ocrx_word' id='word_1_105' title='bbox 1599 933 1805 971; x_wconf 82' lang='lat' dir='ltr'>libertates</span> <span class='ocrx_word' id='word_1_106' title='bbox 1840 932 2110 971; x_wconf 87' lang='lat' dir='ltr'>observandae</span> 
     </span>
     <span class='ocr_line' id='line_1_14' title="bbox 343 1000 2110 1052; baseline 0 -13"><span class='ocrx_word' id='word_1_107' title='bbox 343 1006 447 1040; x_wconf 85' lang='lat' dir='ltr'>sunt.</span> <span class='ocrx_word' id='word_1_108' title='bbox 513 1000 675 1040; x_wconf 88' lang='lat' dir='ltr'>Certum</span> <span class='ocrx_word' id='word_1_109' title='bbox 711 1007 842 1040; x_wconf 88' lang='lat' dir='ltr'>tamen</span> <span class='ocrx_word' id='word_1_110' title='bbox 878 1008 939 1040; x_wconf 87' lang='lat' dir='ltr'>est</span> <span class='ocrx_word' id='word_1_111' title='bbox 967 1015 1017 1039; x_wconf 88' lang='lat' dir='ltr'>ex</span> <span class='ocrx_word' id='word_1_112' title='bbox 1055 1002 1256 1039; x_wconf 90' lang='lat' dir='ltr'>nominum</span> <span class='ocrx_word' id='word_1_113' title='bbox 1294 1002 1542 1052; x_wconf 88' lang='lat' dir='ltr'>propriorum</span> <span class='ocrx_word' id='word_1_114' title='bbox 1578 1002 1816 1039; x_wconf 85' lang='lat' dir='ltr'>formatione</span> <span class='ocrx_word' id='word_1_115' title='bbox 1850 1001 1976 1039; x_wconf 90' lang='lat' dir='ltr'>multa</span> <span class='ocrx_word' id='word_1_116' title='bbox 2010 1001 2110 1039; x_wconf 88' lang='lat' dir='ltr'>disci</span> 
     </span>
     <span class='ocr_line' id='line_1_15' title="bbox 342 1069 2109 1120; baseline 0 -13"><span class='ocrx_word' id='word_1_117' title='bbox 342 1081 483 1119; x_wconf 87' lang='lat' dir='ltr'>posse,</span> <span class='ocrx_word' id='word_1_118' title='bbox 517 1081 621 1119; x_wconf 87' lang='lat' dir='ltr'>quae</span> <span class='ocrx_word' id='word_1_119' title='bbox 651 1075 730 1108; x_wconf 89' lang='lat' dir='ltr'>tam</span> <span class='ocrx_word' id='word_1_120' title='bbox 761 1071 813 1108; x_wconf 89' lang='lat' dir='ltr'>ad</span> <span class='ocrx_word' id='word_1_121' title='bbox 842 1075 966 1108; x_wconf 86' lang='lat' dir='ltr'>artem</span> <span class='ocrx_word' id='word_1_122' title='bbox 995 1070 1293 1120; x_wconf 86' lang='lat' dir='ltr'>grammaticam</span> <span class='ocrx_word' id='word_1_123' title='bbox 1324 1070 1540 1119; x_wconf 87' lang='lat' dir='ltr'>pertinent,</span> <span class='ocrx_word' id='word_1_124' title='bbox 1570 1082 1691 1119; x_wconf 87' lang='lat' dir='ltr'>quam</span> <span class='ocrx_word' id='word_1_125' title='bbox 1721 1070 1871 1107; x_wconf 87' lang='lat' dir='ltr'>faciunt</span> <span class='ocrx_word' id='word_1_126' title='bbox 1899 1069 1950 1106; x_wconf 89' lang='lat' dir='ltr'>ad</span> <span class='ocrx_word' id='word_1_127' title='bbox 1978 1081 2109 1107; x_wconf 88' lang='lat' dir='ltr'>rerum</span> 
     </span>
     <span class='ocr_line' id='line_1_16' title="bbox 343 1137 2110 1188; baseline 0 -13"><span class='ocrx_word' id='word_1_128' title='bbox 343 1137 628 1187; x_wconf 91' lang='lat' dir='ltr'>bominumque</span> <span class='ocrx_word' id='word_1_129' title='bbox 664 1138 870 1176; x_wconf 85' lang='lat' dir='ltr'>historiam</span> <span class='ocrx_word' id='word_1_130' title='bbox 909 1138 1055 1176; x_wconf 88' lang='lat' dir='ltr'>rectius</span> <span class='ocrx_word' id='word_1_131' title='bbox 1094 1137 1413 1188; x_wconf 89' lang='lat' dir='ltr'>intellegendam.</span> <span class='ocrx_word' id='word_1_132' title='bbox 1471 1138 1612 1187; x_wconf 89' lang='lat' dir='ltr'>Itaque</span> <span class='ocrx_word' id='word_1_133' title='bbox 1640 1137 1855 1188; x_wconf 88' lang='lat' dir='ltr'>periculum</span> <span class='ocrx_word' id='word_1_134' title='bbox 1885 1137 2110 1175; x_wconf 82' lang='lat' dir='ltr'>faciendum</span> 
     </span>
     <span class='ocr_line' id='line_1_17' title="bbox 343 1206 1395 1256; baseline 0 -12"><span class='ocrx_word' id='word_1_135' title='bbox 343 1210 463 1256; x_wconf 86' lang='lat' dir='ltr'>atque</span> <span class='ocrx_word' id='word_1_136' title='bbox 498 1206 549 1244; x_wconf 87' lang='lat' dir='ltr'>ab</span> <span class='ocrx_word' id='word_1_137' title='bbox 577 1217 656 1244; x_wconf 88' lang='lat' dir='ltr'>uno</span> <span class='ocrx_word' id='word_1_138' title='bbox 687 1206 820 1256; x_wconf 88' lang='lat' dir='ltr'>aliquo</span> <span class='ocrx_word' id='word_1_139' title='bbox 850 1218 994 1256; x_wconf 87' lang='lat' dir='ltr'>genere</span> <span class='ocrx_word' id='word_1_140' title='bbox 1023 1206 1293 1255; x_wconf 90' lang='lat' dir='ltr'>incipiendum</span> <span class='ocrx_word' id='word_1_141' title='bbox 1324 1212 1395 1244; x_wconf 89' lang='lat' dir='ltr'>est.</span> 
     </span>
    </p>

    <p class='ocr_par' dir='ltr' id='par_1_8' title="bbox 341 1272 2114 2074">
     <span class='ocr_line' id='line_1_18' title="bbox 453 1272 2110 1324; baseline -0.001 -13"><span class='ocrx_word' id='word_1_142' title='bbox 453 1272 670 1323; x_wconf 87' lang='lat' dir='ltr'>Composui</span> <span class='ocrx_word' id='word_1_143' title='bbox 703 1274 827 1324; x_wconf 84' lang='lat' dir='ltr'>igitur</span> <span class='ocrx_word' id='word_1_144' title='bbox 862 1273 1012 1312; x_wconf 90' lang='lat' dir='ltr'>indices</span> <span class='ocrx_word' id='word_1_145' title='bbox 1050 1280 1148 1321; x_wconf 91' lang='lat' dir='ltr'>tres,</span> <span class='ocrx_word' id='word_1_146' title='bbox 1184 1274 1356 1324; x_wconf 90' lang='lat' dir='ltr'>primum</span> <span class='ocrx_word' id='word_1_147' title='bbox 1392 1274 1682 1324; x_wconf 89' lang='lat' dir='ltr'>gentiliciorum</span> <span class='ocrx_word' id='word_1_148' title='bbox 1716 1274 1758 1311; x_wconf 91' lang='lat' dir='ltr'>in</span> <span class='ocrx_word' id='word_1_149' title='bbox 1787 1287 1904 1320; x_wconf 78' lang='lat' dir='ltr'>anus,</span> <span class='ocrx_word' id='word_1_150' title='bbox 1941 1273 2110 1312; x_wconf 89' lang='lat' dir='ltr'>alterum</span> 
     </span>
     <span class='ocr_line' id='line_1_19' title="bbox 341 1341 2110 1392; baseline -0.001 -13"><span class='ocrx_word' id='word_1_151' title='bbox 341 1341 618 1391; x_wconf 87' lang='lat' dir='ltr'>cognominum</span> <span class='ocrx_word' id='word_1_152' title='bbox 655 1342 696 1379; x_wconf 89' lang='lat' dir='ltr'>in</span> <span class='ocrx_word' id='word_1_153' title='bbox 736 1354 852 1388; x_wconf 79' lang='lat' dir='ltr'>anus,</span> <span class='ocrx_word' id='word_1_154' title='bbox 892 1354 995 1392; x_wconf 85' lang='lat' dir='ltr'>quae</span> <span class='ocrx_word' id='word_1_155' title='bbox 1033 1342 1190 1392; x_wconf 90' lang='lat' dir='ltr'>quidem</span> <span class='ocrx_word' id='word_1_156' title='bbox 1228 1355 1252 1379; x_wconf 86' lang='lat' dir='ltr'>a</span> <span class='ocrx_word' id='word_1_157' title='bbox 1289 1342 1390 1380; x_wconf 89' lang='lat' dir='ltr'>locis</span> <span class='ocrx_word' id='word_1_158' title='bbox 1429 1341 1552 1379; x_wconf 88' lang='lat' dir='ltr'>videri</span> <span class='ocrx_word' id='word_1_159' title='bbox 1589 1347 1761 1392; x_wconf 88' lang='lat' dir='ltr'>possunt</span> <span class='ocrx_word' id='word_1_160' title='bbox 1795 1342 1972 1380; x_wconf 91' lang='lat' dir='ltr'>derivata</span> <span class='ocrx_word' id='word_1_161' title='bbox 2007 1353 2110 1388; x_wconf 88' lang='lat' dir='ltr'>esse,</span> 
     </span>
     <span class='ocr_line' id='line_1_20' title="bbox 341 1409 2112 1460; baseline 0 -13"><span class='ocrx_word' id='word_1_162' title='bbox 341 1410 500 1448; x_wconf 85' lang='lat' dir='ltr'>tertium</span> <span class='ocrx_word' id='word_1_163' title='bbox 536 1410 827 1460; x_wconf 88' lang='lat' dir='ltr'>gentiliciorum</span> <span class='ocrx_word' id='word_1_164' title='bbox 857 1411 898 1448; x_wconf 90' lang='lat' dir='ltr'>in</span> <span class='ocrx_word' id='word_1_165' title='bbox 929 1412 1058 1457; x_wconf 81' lang='lat' dir='ltr'>anius,</span> <span class='ocrx_word' id='word_1_166' title='bbox 1096 1421 1199 1459; x_wconf 85' lang='lat' dir='ltr'>quae</span> <span class='ocrx_word' id='word_1_167' title='bbox 1228 1410 1405 1447; x_wconf 90' lang='lat' dir='ltr'>eiusdem</span> <span class='ocrx_word' id='word_1_168' title='bbox 1436 1410 1626 1448; x_wconf 90' lang='lat' dir='ltr'>similisve</span> <span class='ocrx_word' id='word_1_169' title='bbox 1656 1410 1821 1460; x_wconf 87' lang='lat' dir='ltr'>originis</span> <span class='ocrx_word' id='word_1_170' title='bbox 1851 1422 1941 1448; x_wconf 86' lang='lat' dir='ltr'>esse</span> <span class='ocrx_word' id='word_1_171' title='bbox 1968 1409 2112 1460; x_wconf 87' lang='lat' dir='ltr'>proba-</span> 
     </span>
     <span class='ocr_line' id='line_1_21' title="bbox 341 1477 2114 1528; baseline 0 -13"><span class='ocrx_word' id='word_1_172' title='bbox 341 1477 422 1515; x_wconf 88' lang='lat' dir='ltr'>bile</span> <span class='ocrx_word' id='word_1_173' title='bbox 450 1484 521 1516; x_wconf 82' lang='lat' dir='ltr'>est.</span> <span class='ocrx_word' id='word_1_174' title='bbox 572 1478 722 1516; x_wconf 91' lang='lat' dir='ltr'>Plenos</span> <span class='ocrx_word' id='word_1_175' title='bbox 752 1491 822 1516; x_wconf 89' lang='lat' dir='ltr'>eos</span> <span class='ocrx_word' id='word_1_176' title='bbox 852 1491 933 1516; x_wconf 91' lang='lat' dir='ltr'>non</span> <span class='ocrx_word' id='word_1_177' title='bbox 962 1490 1051 1516; x_wconf 88' lang='lat' dir='ltr'>esse</span> <span class='ocrx_word' id='word_1_178' title='bbox 1081 1478 1182 1524; x_wconf 83' lang='lat' dir='ltr'>sci03</span> <span class='ocrx_word' id='word_1_179' title='bbox 1212 1478 1345 1528; x_wconf 84' lang='lat' dir='ltr'>recepi</span> <span class='ocrx_word' id='word_1_180' title='bbox 1375 1484 1505 1516; x_wconf 90' lang='lat' dir='ltr'>autem</span> <span class='ocrx_word' id='word_1_181' title='bbox 1535 1483 1729 1528; x_wconf 90' lang='lat' dir='ltr'>quotquot</span> <span class='ocrx_word' id='word_1_182' title='bbox 1757 1478 1900 1527; x_wconf 86' lang='lat' dir='ltr'>collegi</span> <span class='ocrx_word' id='word_1_183' title='bbox 1929 1477 2114 1527; x_wconf 87' lang='lat' dir='ltr'>exempla</span> 
     </span>
     <span class='ocr_line' id='line_1_22' title="bbox 342 1545 2112 1597; baseline -0.001 -13"><span class='ocrx_word' id='word_1_184' title='bbox 342 1559 393 1584; x_wconf 83' lang='lat' dir='ltr'>ex</span> <span class='ocrx_word' id='word_1_185' title='bbox 423 1546 683 1596; x_wconf 84' lang='lat' dir='ltr'>scriptoribus</span> <span class='ocrx_word' id='word_1_186' title='bbox 712 1553 752 1584; x_wconf 90' lang='lat' dir='ltr'>et</span> <span class='ocrx_word' id='word_1_187' title='bbox 781 1547 946 1596; x_wconf 87' lang='lat' dir='ltr'>syllogis</span> <span class='ocrx_word' id='word_1_188' title='bbox 976 1546 1280 1597; x_wconf 87' lang='lat' dir='ltr'>inscriptionum</span> <span class='ocrx_word' id='word_1_189' title='bbox 1310 1545 1424 1584; x_wconf 90' lang='lat' dir='ltr'>editis</span> <span class='ocrx_word' id='word_1_190' title='bbox 1453 1546 1691 1594; x_wconf 89' lang='lat' dir='ltr'>maioribus,</span> <span class='ocrx_word' id='word_1_191' title='bbox 1727 1558 1830 1596; x_wconf 87' lang='lat' dir='ltr'>quae</span> <span class='ocrx_word' id='word_1_192' title='bbox 1863 1545 1942 1584; x_wconf 87' lang='lat' dir='ltr'>fide</span> <span class='ocrx_word' id='word_1_193' title='bbox 1970 1545 2112 1595; x_wconf 86' lang='lat' dir='ltr'>dignae</span> 
     </span>
     <span class='ocr_line' id='line_1_23' title="bbox 343 1613 2112 1665; baseline -0.001 -14"><span class='ocrx_word' id='word_1_194' title='bbox 343 1619 447 1652; x_wconf 87' lang='lat' dir='ltr'>sunt.</span> <span class='ocrx_word' id='word_1_195' title='bbox 507 1613 699 1664; x_wconf 86' lang='lat' dir='ltr'>Corporis</span> <span class='ocrx_word' id='word_1_196' title='bbox 736 1615 1040 1665; x_wconf 89' lang='lat' dir='ltr'>inscriptionum</span> <span class='ocrx_word' id='word_1_197' title='bbox 1069 1614 1302 1653; x_wconf 89' lang='lat' dir='ltr'>Latinarum</span> <span class='ocrx_word' id='word_1_198' title='bbox 1338 1614 1457 1652; x_wconf 85' lang='lat' dir='ltr'>etiam</span> <span class='ocrx_word' id='word_1_199' title='bbox 1487 1627 1534 1652; x_wconf 89' lang='lat' dir='ltr'>ea</span> <span class='ocrx_word' id='word_1_200' title='bbox 1563 1615 1767 1652; x_wconf 89' lang='lat' dir='ltr'>volumina</span> <span class='ocrx_word' id='word_1_201' title='bbox 1795 1613 1974 1660; x_wconf 85' lang='lat' dir='ltr'>adhibui,</span> <span class='ocrx_word' id='word_1_202' title='bbox 2011 1625 2112 1663; x_wconf 91' lang='lat' dir='ltr'>quae</span> 
     </span>
     <span class='ocr_line' id='line_1_24' title="bbox 343 1681 2112 1736; baseline -0.001 -16"><span class='ocrx_word' id='word_1_203' title='bbox 343 1683 516 1720; x_wconf 90' lang='lat' dir='ltr'>nondum</span> <span class='ocrx_word' id='word_1_204' title='bbox 548 1683 698 1733; x_wconf 90' lang='lat' dir='ltr'>publici</span> <span class='ocrx_word' id='word_1_205' title='bbox 728 1683 825 1721; x_wconf 91' lang='lat' dir='ltr'>iuris</span> <span class='ocrx_word' id='word_1_206' title='bbox 855 1683 961 1721; x_wconf 87' lang='lat' dir='ltr'>facta</span> <span class='ocrx_word' id='word_1_207' title='bbox 990 1687 1098 1730; x_wconf 90' lang='lat' dir='ltr'>sunt,</span> <span class='ocrx_word' id='word_1_208' title='bbox 1129 1683 1223 1720; x_wconf 89' lang='lat' dir='ltr'>item</span> <span class='ocrx_word' id='word_1_209' title='bbox 1254 1682 1422 1720; x_wconf 85' lang='lat' dir='ltr'>schedas</span> <span class='ocrx_word' id='word_1_210' title='bbox 1453 1683 1502 1720; x_wconf 89' lang='lat' dir='ltr'>ad</span> <span class='ocrx_word' id='word_1_211' title='bbox 1532 1682 1666 1720; x_wconf 90' lang='lat' dir='ltr'>futura</span> <span class='ocrx_word' id='word_1_212' title='bbox 1696 1682 1895 1736; x_wconf 81' lang='lat' dir='ltr'>volumina</span> <span class='ocrx_word' id='word_1_213' title='bbox 1925 1681 2112 1719; x_wconf 88' lang='lat' dir='ltr'>collectas</span> 
     </span>
     <span class='ocr_line' id='line_1_25' title="bbox 342 1747 2113 1801; baseline -0.002 -12"><span class='ocrx_word' id='word_1_214' title='bbox 342 1764 395 1789; x_wconf 84' lang='lat' dir='ltr'>ex</span> <span class='ocrx_word' id='word_1_215' title='bbox 429 1757 563 1801; x_wconf 89' lang='lat' dir='ltr'>parte;</span> <span class='ocrx_word' id='word_1_216' title='bbox 601 1750 782 1790; x_wconf 89' lang='lat' dir='ltr'>Henzeni</span> <span class='ocrx_word' id='word_1_217' title='bbox 821 1751 988 1789; x_wconf 87' lang='lat' dir='ltr'>schedas</span> <span class='ocrx_word' id='word_1_218' title='bbox 1026 1751 1198 1789; x_wconf 88' lang='lat' dir='ltr'>urbanas</span> <span class='ocrx_word' id='word_1_219' title='bbox 1233 1750 1431 1800; x_wconf 88' lang='lat' dir='ltr'>inspicere</span> <span class='ocrx_word' id='word_1_220' title='bbox 1466 1750 1578 1800; x_wconf 89' lang='lat' dir='ltr'>potui</span> <span class='ocrx_word' id='word_1_221' title='bbox 1615 1750 1767 1788; x_wconf 87' lang='lat' dir='ltr'>Romae</span> <span class='ocrx_word' id='word_1_222' title='bbox 1802 1763 1836 1788; x_wconf 85' lang='lat' dir='ltr'>a.</span> <span class='ocrx_word' id='word_1_223' title='bbox 1863 1748 1981 1788; x_wconf 88' lang='lat'>1856.</span> <span class='ocrx_word' id='word_1_224' title='bbox 2047 1747 2113 1787; x_wconf 88' lang='lat' dir='ltr'>Ex</span> 
     </span>
     <span class='ocr_line' id='line_1_26' title="bbox 343 1817 2111 1870; baseline -0.002 -13"><span class='ocrx_word' id='word_1_225' title='bbox 343 1819 508 1870; x_wconf 84' lang='lat' dir='ltr'>syllogis</span> <span class='ocrx_word' id='word_1_226' title='bbox 537 1819 777 1867; x_wconf 89' lang='lat' dir='ltr'>minoribus,</span> <span class='ocrx_word' id='word_1_227' title='bbox 808 1831 910 1869; x_wconf 89' lang='lat' dir='ltr'>quae</span> <span class='ocrx_word' id='word_1_228' title='bbox 941 1818 1188 1868; x_wconf 89' lang='lat' dir='ltr'>singulorum</span> <span class='ocrx_word' id='word_1_229' title='bbox 1216 1818 1394 1856; x_wconf 89' lang='lat' dir='ltr'>locorum</span> <span class='ocrx_word' id='word_1_230' title='bbox 1425 1818 1562 1856; x_wconf 89' lang='lat' dir='ltr'>titulos</span> <span class='ocrx_word' id='word_1_231' title='bbox 1593 1819 1815 1865; x_wconf 83' lang='lat' dir='ltr'>continent,</span> <span class='ocrx_word' id='word_1_232' title='bbox 1845 1817 2111 1868; x_wconf 86' lang='lat' dir='ltr'>paucissimas</span> 
     </span>
     <span class='ocr_line' id='line_1_27' title="bbox 343 1884 2112 1938; baseline -0.002 -12"><span class='ocrx_word' id='word_1_233' title='bbox 343 1888 534 1938; x_wconf 88' lang='lat' dir='ltr'>usurpavi</span> <span class='ocrx_word' id='word_1_234' title='bbox 545 1901 555 1934; x_wconf 93' lang='lat'>;</span> <span class='ocrx_word' id='word_1_235' title='bbox 591 1887 698 1937; x_wconf 91' lang='lat' dir='ltr'>quod</span> <span class='ocrx_word' id='word_1_236' title='bbox 733 1887 965 1937; x_wconf 70' lang='lat' dir='ltr'>probabunt</span> <span class='ocrx_word' id='word_1_237' title='bbox 988 1887 1118 1936; x_wconf 88' lang='lat' dir='ltr'>periti.</span> <span class='ocrx_word' id='word_1_238' title='bbox 1176 1887 1355 1924; x_wconf 86' lang='lat' dir='ltr'>Incertae</span> <span class='ocrx_word' id='word_1_239' title='bbox 1390 1886 1572 1925; x_wconf 88' lang='lat' dir='ltr'>lectionis</span> <span class='ocrx_word' id='word_1_240' title='bbox 1610 1886 1795 1938; x_wconf 87' lang='lat' dir='ltr'>exempla</span> <span class='ocrx_word' id='word_1_241' title='bbox 1830 1885 1956 1924; x_wconf 88' lang='lat' dir='ltr'>multa</span> <span class='ocrx_word' id='word_1_242' title='bbox 1984 1884 2112 1924; x_wconf 90' lang='lat' dir='ltr'>sciens</span> 
     </span>
     <span class='ocr_line' id='line_1_28' title="bbox 343 1951 2112 2007; baseline -0.002 -14"><span class='ocrx_word' id='word_1_243' title='bbox 343 1955 480 2003; x_wconf 82' lang='lat' dir='ltr'>omisi3</span> <span class='ocrx_word' id='word_1_244' title='bbox 517 1955 708 1994; x_wconf 89' lang='lat' dir='ltr'>nonnulla</span> <span class='ocrx_word' id='word_1_245' title='bbox 734 1956 910 2007; x_wconf 87' lang='lat' dir='ltr'>recipere</span> <span class='ocrx_word' id='word_1_246' title='bbox 939 1955 1037 1993; x_wconf 90' lang='lat' dir='ltr'>utile</span> <span class='ocrx_word' id='word_1_247' title='bbox 1066 1955 1197 1993; x_wconf 86' lang='lat' dir='ltr'>visum</span> <span class='ocrx_word' id='word_1_248' title='bbox 1227 1959 1305 2002; x_wconf 82' lang='lat' dir='ltr'>est,</span> <span class='ocrx_word' id='word_1_249' title='bbox 1344 1954 1414 1993; x_wconf 90' lang='lat' dir='ltr'>sed</span> <span class='ocrx_word' id='word_1_250' title='bbox 1442 1954 1701 1994; x_wconf 83' lang='lat' dir='ltr'>dubitationis</span> <span class='ocrx_word' id='word_1_251' title='bbox 1732 1955 1847 2005; x_wconf 89' lang='lat' dir='ltr'>signo</span> <span class='ocrx_word' id='word_1_252' title='bbox 1877 1951 2112 2003; x_wconf 85' lang='lat' dir='ltr'>(asterisco)</span> 
     </span>
     <span class='ocr_line' id='line_1_29' title="bbox 344 2024 543 2074; baseline 0.005 -13"><span class='ocrx_word' id='word_1_253' title='bbox 344 2024 543 2074; x_wconf 90' lang='lat' dir='ltr'>adposito.</span> 
     </span>
    </p>
   </div>
   <div class='ocr_carea' id='block_1_7' title="bbox 800 2220 1657 2287">
    <p class='ocr_par' dir='ltr' id='par_1_9' title="bbox 800 2220 1657 2287">
     <span class='ocr_line' id='line_1_30' title="bbox 800 2220 1657 2287; baseline -0.001 -16"><span class='ocrx_word' id='word_1_254' title='bbox 800 2222 839 2271; x_wconf 93' lang='grc' dir='ltr'><strong>Ι.</strong></span> <span class='ocrx_word' id='word_1_255' title='bbox 910 2220 1120 2271; x_wconf 87' lang='lat' dir='ltr'>Nomina</span> <span class='ocrx_word' id='word_1_256' title='bbox 1155 2222 1400 2287; x_wconf 84' lang='lat' dir='ltr'>gentilicia</span> <span class='ocrx_word' id='word_1_257' title='bbox 1434 2222 1483 2270; x_wconf 90' lang='lat' dir='ltr'>in</span> <span class='ocrx_word' id='word_1_258' title='bbox 1521 2239 1657 2271; x_wconf 79' lang='lat' dir='ltr'>anus.</span> 
     </span>
    </p>
   </div>
   <div class='ocr_carea' id='block_1_8' title="bbox 346 2363 2112 3369">
    <p class='ocr_par' dir='ltr' id='par_1_10' title="bbox 346 2363 2112 2689">
     <span class='ocr_line' id='line_1_31' title="bbox 346 2363 2111 2415; baseline -0.001 -11"><span class='ocrx_word' id='word_1_259' title='bbox 346 2366 608 2404; x_wconf 75' lang='lat' dir='ltr'>ARELLANVS</span> <span class='ocrx_word' id='word_1_260' title='bbox 681 2363 724 2403; x_wconf 88' lang='lat' dir='ltr'>C.</span> <span class='ocrx_word' id='word_1_261' title='bbox 754 2364 968 2404; x_wconf 78' lang='lat' dir='ltr'>Abellanus</span> <span class='ocrx_word' id='word_1_262' title='bbox 998 2365 1111 2404; x_wconf 68' lang='lat' dir='ltr'>Felix</span> <span class='ocrx_word' id='word_1_263' title='bbox 1145 2365 1296 2403; x_wconf 90' lang='lat' dir='ltr'>Romae</span> <span class='ocrx_word' id='word_1_264' title='bbox 1332 2365 1512 2404; x_wconf 88' lang='lat' dir='ltr'>Fabretti</span> <span class='ocrx_word' id='word_1_265' title='bbox 1547 2377 1585 2415; x_wconf 91' lang='lat' dir='ltr'>p.</span> <span class='ocrx_word' id='word_1_266' title='bbox 1612 2366 1647 2412; x_wconf 95' lang='lat'>1,</span> <span class='ocrx_word' id='word_1_267' title='bbox 1676 2364 1741 2402; x_wconf 95' lang='lat' dir='ltr'>III</span> <span class='ocrx_word' id='word_1_268' title='bbox 1770 2381 1819 2397; x_wconf 93' lang='lat'>=</span> <span class='ocrx_word' id='word_1_269' title='bbox 1851 2363 1954 2403; x_wconf 87' lang='lat' dir='ltr'>Gori</span> <span class='ocrx_word' id='word_1_270' title='bbox 1983 2365 2018 2412; x_wconf 95' lang='lat'>1,</span> <span class='ocrx_word' id='word_1_271' title='bbox 2046 2363 2111 2412; x_wconf 87' lang='lat'>61,</span> 
     </span>
     <span class='ocr_line' id='line_1_32' title="bbox 787 2431 2110 2483; baseline -0.002 -11"><span class='ocrx_word' id='word_1_272' title='bbox 787 2434 878 2472; x_wconf 82' lang='lat'>158.</span> <span class='ocrx_word' id='word_1_273' title='bbox 936 2433 1048 2472; x_wconf 90' lang='lat' dir='ltr'>Idem</span> <span class='ocrx_word' id='word_1_274' title='bbox 1076 2435 1214 2481; x_wconf 92' lang='lat' dir='ltr'>homo,</span> <span class='ocrx_word' id='word_1_275' title='bbox 1253 2439 1296 2472; x_wconf 90' lang='lat' dir='ltr'>ut</span> <span class='ocrx_word' id='word_1_276' title='bbox 1326 2434 1498 2481; x_wconf 88' lang='lat' dir='ltr'>videtur,</span> <span class='ocrx_word' id='word_1_277' title='bbox 1530 2433 1636 2483; x_wconf 84' lang='lat' dir='ltr'>apud</span> <span class='ocrx_word' id='word_1_278' title='bbox 1666 2431 1836 2471; x_wconf 84' lang='lat' dir='ltr'>Gorium</span> <span class='ocrx_word' id='word_1_279' title='bbox 1869 2433 1904 2478; x_wconf 88' lang='lat'>1,</span> <span class='ocrx_word' id='word_1_280' title='bbox 1937 2432 2001 2480; x_wconf 91' lang='lat'>61,</span> <span class='ocrx_word' id='word_1_281' title='bbox 2034 2431 2110 2470; x_wconf 87' lang='lat'>163</span> 
     </span>
     <span class='ocr_line' id='line_1_33' title="bbox 789 2500 2111 2549; baseline -0.002 -8"><span class='ocrx_word' id='word_1_282' title='bbox 789 2502 828 2541; x_wconf 85' lang='lat' dir='ltr'>C.</span> <span class='ocrx_word' id='word_1_283' title='bbox 858 2502 1066 2540; x_wconf 74' lang='lat' dir='ltr'>Abillanus</span> <span class='ocrx_word' id='word_1_284' title='bbox 1096 2502 1209 2540; x_wconf 72' lang='lat' dir='ltr'>Felix</span> <span class='ocrx_word' id='word_1_285' title='bbox 1249 2502 1411 2549; x_wconf 82' lang='lat' dir='ltr'>dicitur3</span> <span class='ocrx_word' id='word_1_286' title='bbox 1449 2502 1519 2539; x_wconf 90' lang='lat' dir='ltr'>sed</span> <span class='ocrx_word' id='word_1_287' title='bbox 1550 2512 1571 2538; x_wconf 80' lang='grc' dir='ltr'>ε</span> <span class='ocrx_word' id='word_1_288' title='bbox 1602 2507 1640 2539; x_wconf 89' lang='lat' dir='ltr'>et</span> <span class='ocrx_word' id='word_1_289' title='bbox 1669 2512 1680 2538; x_wconf 86' lang='lat'>1</span> <span class='ocrx_word' id='word_1_290' title='bbox 1708 2501 1862 2539; x_wconf 90' lang='lat' dir='ltr'>litterae</span> <span class='ocrx_word' id='word_1_291' title='bbox 1890 2500 1931 2538; x_wconf 89' lang='lat' dir='ltr'>in</span> <span class='ocrx_word' id='word_1_292' title='bbox 1963 2500 2111 2538; x_wconf 87' lang='lat' dir='ltr'>littera-</span> 
     </span>
     <span class='ocr_line' id='line_1_34' title="bbox 783 2568 2112 2619; baseline -0.002 -11"><span class='ocrx_word' id='word_1_293' title='bbox 783 2575 873 2608; x_wconf 86' lang='lat' dir='ltr'>tura</span> <span class='ocrx_word' id='word_1_294' title='bbox 901 2570 1157 2616; x_wconf 89' lang='lat' dir='ltr'>tabellarum,</span> <span class='ocrx_word' id='word_1_295' title='bbox 1186 2570 1326 2619; x_wconf 88' lang='lat' dir='ltr'>quales</span> <span class='ocrx_word' id='word_1_296' title='bbox 1358 2569 1540 2607; x_wconf 85' lang='lat' dir='ltr'>solebant</span> <span class='ocrx_word' id='word_1_297' title='bbox 1568 2569 1609 2606; x_wconf 90' lang='lat' dir='ltr'>in</span> <span class='ocrx_word' id='word_1_298' title='bbox 1630 2568 1883 2607; x_wconf 89' lang='lat' dir='ltr'>columbariis</span> <span class='ocrx_word' id='word_1_299' title='bbox 1903 2568 2022 2619; x_wconf 87' lang='lat' dir='ltr'>adfigi</span> <span class='ocrx_word' id='word_1_300' title='bbox 2042 2580 2112 2618; x_wconf 88' lang='lat' dir='ltr'>pa-</span> 
     </span>
     <span class='ocr_line' id='line_1_35' title="bbox 783 2637 1546 2689; baseline 0.001 -14"><span class='ocrx_word' id='word_1_301' title='bbox 783 2638 959 2686; x_wconf 89' lang='lat' dir='ltr'>rietibus,</span> <span class='ocrx_word' id='word_1_302' title='bbox 991 2650 1110 2689; x_wconf 88' lang='lat' dir='ltr'>saepe</span> <span class='ocrx_word' id='word_1_303' title='bbox 1139 2638 1209 2676; x_wconf 84' lang='lat' dir='ltr'>vix</span> <span class='ocrx_word' id='word_1_304' title='bbox 1238 2637 1546 2688; x_wconf 86' lang='lat' dir='ltr'>distinguuntur.</span> 
     </span>
    </p>

    <p class='ocr_par' dir='ltr' id='par_1_11' title="bbox 672 2705 1318 2756">
     <span class='ocr_line' id='line_1_36' title="bbox 672 2705 1318 2756; baseline -0.003 -12"><span class='ocrx_word' id='word_1_305' title='bbox 672 2705 819 2744; x_wconf 89' lang='lat' dir='ltr'>Abella</span> <span class='ocrx_word' id='word_1_306' title='bbox 849 2705 1092 2756; x_wconf 87' lang='lat' dir='ltr'>Campaniae</span> <span class='ocrx_word' id='word_1_307' title='bbox 1121 2711 1217 2743; x_wconf 90' lang='lat' dir='ltr'>nota</span> <span class='ocrx_word' id='word_1_308' title='bbox 1246 2711 1318 2743; x_wconf 92' lang='lat' dir='ltr'>est.</span> 
     </span>
    </p>

    <p class='ocr_par' dir='ltr' id='par_1_12' title="bbox 347 2771 2111 2948">
     <span class='ocr_line' id='line_1_37' title="bbox 347 2771 2110 2823; baseline -0.002 -10"><span class='ocrx_word' id='word_1_309' title='bbox 347 2776 600 2813; x_wconf 77' lang='lat' dir='ltr'>ACERRANVS</span> <span class='ocrx_word' id='word_1_310' title='bbox 675 2773 732 2812; x_wconf 86' lang='lat' dir='ltr'>M.</span> <span class='ocrx_word' id='word_1_311' title='bbox 768 2774 988 2812; x_wconf 78' lang='lat' dir='ltr'>Acerranus</span> <span class='ocrx_word' id='word_1_312' title='bbox 1027 2774 1117 2823; x_wconf 89' lang='grc' dir='ltr'><strong>[Μ.]</strong></span> <span class='ocrx_word' id='word_1_313' title='bbox 1147 2776 1184 2823; x_wconf 85' lang='lat' dir='ltr'>f.</span> <span class='ocrx_word' id='word_1_314' title='bbox 1222 2772 1460 2822; x_wconf 80' lang='lat' dir='ltr'>Ae[m(z&#39;lia)]</span> <span class='ocrx_word' id='word_1_315' title='bbox 1497 2772 1694 2811; x_wconf 79' lang='lat' dir='ltr'>Secundus</span> <span class='ocrx_word' id='word_1_316' title='bbox 1730 2771 1866 2810; x_wconf 88' lang='lat' dir='ltr'>nescio</span> <span class='ocrx_word' id='word_1_317' title='bbox 1904 2784 1983 2822; x_wconf 92' lang='lat' dir='ltr'>quo</span> <span class='ocrx_word' id='word_1_318' title='bbox 2022 2771 2110 2810; x_wconf 88' lang='lat' dir='ltr'>loco</span> 
     </span>
     <span class='ocr_line' id='line_1_38' title="bbox 784 2839 2111 2891; baseline -0.002 -11"><span class='ocrx_word' id='word_1_319' title='bbox 784 2842 894 2886; x_wconf 85' lang='lat' dir='ltr'>Doni</span> <span class='ocrx_word' id='word_1_320' title='bbox 918 2842 1008 2889; x_wconf 85' lang='lat'>193,</span> <span class='ocrx_word' id='word_1_321' title='bbox 1033 2841 1110 2879; x_wconf 85' lang='lat'>124</span> <span class='ocrx_word' id='word_1_322' title='bbox 1139 2841 1250 2891; x_wconf 88' lang='lat' dir='ltr'>(inde</span> <span class='ocrx_word' id='word_1_323' title='bbox 1270 2841 1412 2878; x_wconf 89' lang='lat' dir='ltr'>Murat.</span> <span class='ocrx_word' id='word_1_324' title='bbox 1437 2840 1529 2887; x_wconf 87' lang='lat'>665,</span> <span class='ocrx_word' id='word_1_325' title='bbox 1552 2839 1613 2889; x_wconf 87' lang='lat'>5);</span> <span class='ocrx_word' id='word_1_326' title='bbox 1645 2840 1716 2878; x_wconf 85' lang='lat' dir='ltr'>sed</span> <span class='ocrx_word' id='word_1_327' title='bbox 1735 2839 1873 2877; x_wconf 89' lang='lat' dir='ltr'>titulus</span> <span class='ocrx_word' id='word_1_328' title='bbox 1894 2839 2111 2890; x_wconf 87' lang='lat' dir='ltr'>suspicioni</span> 
     </span>
     <span class='ocr_line' id='line_1_39' title="bbox 784 2910 1104 2948; baseline -0.003 0"><span class='ocrx_word' id='word_1_329' title='bbox 784 2923 863 2948; x_wconf 91' lang='lat' dir='ltr'>non</span> <span class='ocrx_word' id='word_1_330' title='bbox 893 2910 1104 2948; x_wconf 86' lang='lat' dir='ltr'>obnoxius.</span> 
     </span>
    </p>

    <p class='ocr_par' dir='ltr' id='par_1_13' title="bbox 673 2976 1405 3027">
     <span class='ocr_line' id='line_1_40' title="bbox 673 2976 1405 3027; baseline -0.005 -10"><span class='ocrx_word' id='word_1_331' title='bbox 673 2980 851 3017; x_wconf 86' lang='lat' dir='ltr'>Acerrae</span> <span class='ocrx_word' id='word_1_332' title='bbox 882 2977 1123 3027; x_wconf 88' lang='lat' dir='ltr'>Campaniae</span> <span class='ocrx_word' id='word_1_333' title='bbox 1151 2976 1245 3015; x_wconf 90' lang='lat' dir='ltr'>item</span> <span class='ocrx_word' id='word_1_334' title='bbox 1274 2982 1405 3014; x_wconf 89' lang='lat' dir='ltr'>notae.</span> 
     </span>
    </p>

    <p class='ocr_par' dir='ltr' id='par_1_14' title="bbox 349 3042 2109 3096">
     <span class='ocr_line' id='line_1_41' title="bbox 349 3042 2109 3096; baseline -0.003 -10"><span class='ocrx_word' id='word_1_335' title='bbox 349 3048 604 3086; x_wconf 75' lang='lat' dir='ltr'>AEFOLANVS</span> <span class='ocrx_word' id='word_1_336' title='bbox 675 3047 760 3086; x_wconf 86' lang='lat' dir='ltr'>Ser.</span> <span class='ocrx_word' id='word_1_337' title='bbox 780 3046 992 3096; x_wconf 82' lang='lat' dir='ltr'>Aefolanus</span> <span class='ocrx_word' id='word_1_338' title='bbox 1020 3046 1060 3083; x_wconf 89' lang='lat' dir='ltr'>in</span> <span class='ocrx_word' id='word_1_339' title='bbox 1082 3044 1323 3096; x_wconf 85' lang='lat' dir='ltr'>Carthagine</span> <span class='ocrx_word' id='word_1_340' title='bbox 1352 3057 1458 3082; x_wconf 84' lang='lat' dir='ltr'>nova</span> <span class='ocrx_word' id='word_1_341' title='bbox 1487 3042 1531 3082; x_wconf 87' lang='lat' dir='ltr'>C.</span> <span class='ocrx_word' id='word_1_342' title='bbox 1554 3043 1586 3082; x_wconf 89' lang='lat' dir='ltr'>I.</span> <span class='ocrx_word' id='word_1_343' title='bbox 1607 3043 1654 3082; x_wconf 93' lang='lat' dir='ltr'>L.</span> <span class='ocrx_word' id='word_1_344' title='bbox 1676 3043 1695 3081; x_wconf 94' lang='lat' dir='ltr'>I</span> <span class='ocrx_word' id='word_1_345' title='bbox 1721 3043 1824 3083; x_wconf 88' lang='lat'>1555</span> <span class='ocrx_word' id='word_1_346' title='bbox 1848 3060 1897 3076; x_wconf 94' lang='lat'>=</span> <span class='ocrx_word' id='word_1_347' title='bbox 1919 3043 1962 3081; x_wconf 96' lang='lat' dir='ltr'>II</span> <span class='ocrx_word' id='word_1_348' title='bbox 1983 3042 2109 3090; x_wconf 83' lang='lat'>34083</span> 
     </span>
    </p>

    <p class='ocr_par' dir='ltr' id='par_1_15' title="bbox 468 3113 1373 3164">
     <span class='ocr_line' id='line_1_42' title="bbox 468 3113 1373 3164; baseline -0.004 -10"><span class='ocrx_word' id='word_1_349' title='bbox 468 3116 499 3142; x_wconf 80' lang='lat'>⁸·</span> <span class='ocrx_word' id='word_1_350' title='bbox 785 3114 920 3153; x_wconf 85' lang='lat' dir='ltr'>titulus</span> <span class='ocrx_word' id='word_1_351' title='bbox 950 3115 1136 3164; x_wconf 85' lang='lat' dir='ltr'>Augusto</span> <span class='ocrx_word' id='word_1_352' title='bbox 1166 3113 1373 3151; x_wconf 81' lang='lat' dir='ltr'>vetustior.</span> 
     </span>
    </p>

    <p class='ocr_par' dir='ltr' id='par_1_16' title="bbox 350 3159 2109 3369">
     <span class='ocr_line' id='line_1_43' title="bbox 350 3159 2108 3238; baseline -0.003 -17"><span class='ocrx_word' id='word_1_353' title='bbox 350 3159 602 3198; x_wconf 62' lang='lat' dir='ltr'>Assrvmuvs</span> <span class='ocrx_word' id='word_1_354' title='bbox 675 3176 829 3238; x_wconf 71' lang='grc' dir='ltr'><em>Μάρκος</em></span> <span class='ocrx_word' id='word_1_355' title='bbox 849 3175 1087 3231; x_wconf 74' lang='grc' dir='ltr'><strong><em>Αἷφουλανές</em></strong></span> <span class='ocrx_word' id='word_1_356' title='bbox 1117 3180 1311 3232; x_wconf 84' lang='lat' dir='ltr'>Smyrnae</span> <span class='ocrx_word' id='word_1_357' title='bbox 1341 3179 1386 3218; x_wconf 93' lang='lat' dir='ltr'>C.</span> <span class='ocrx_word' id='word_1_358' title='bbox 1406 3179 1440 3218; x_wconf 91' lang='grc' dir='ltr'><strong>Ι.</strong></span> <span class='ocrx_word' id='word_1_359' title='bbox 1464 3179 1534 3219; x_wconf 85' lang='lat' dir='ltr'>Gr.</span> <span class='ocrx_word' id='word_1_360' title='bbox 1558 3180 1663 3219; x_wconf 87' lang='grc'>3187</span> <span class='ocrx_word' id='word_1_361' title='bbox 1694 3179 1846 3218; x_wconf 88' lang='lat' dir='ltr'>videtur</span> <span class='ocrx_word' id='word_1_362' title='bbox 1865 3179 2007 3217; x_wconf 89' lang='lat' dir='ltr'>Asiam</span> <span class='ocrx_word' id='word_1_363' title='bbox 2035 3190 2108 3228; x_wconf 93' lang='lat' dir='ltr'>pro</span> 
     </span>
     <span class='ocr_line' id='line_1_44' title="bbox 787 3246 2109 3298; baseline -0.005 -9"><span class='ocrx_word' id='word_1_364' title='bbox 787 3250 950 3290; x_wconf 89' lang='lat' dir='ltr'>consule</span> <span class='ocrx_word' id='word_1_365' title='bbox 985 3250 1140 3288; x_wconf 84' lang='lat' dir='ltr'>rexisse</span> <span class='ocrx_word' id='word_1_366' title='bbox 1171 3250 1243 3287; x_wconf 87' lang='lat' dir='ltr'>sub</span> <span class='ocrx_word' id='word_1_367' title='bbox 1272 3248 1432 3287; x_wconf 88' lang='lat' dir='ltr'>Nerone</span> <span class='ocrx_word' id='word_1_368' title='bbox 1470 3248 1536 3298; x_wconf 92' lang='lat' dir='ltr'>(cf.</span> <span class='ocrx_word' id='word_1_369' title='bbox 1566 3246 1863 3297; x_wconf 86' lang='lat' dir='ltr'>Waddingtonii</span> <span class='ocrx_word' id='word_1_370' title='bbox 1889 3248 2015 3296; x_wconf 68' lang='lat' dir='ltr'>sactes</span> <span class='ocrx_word' id='word_1_371' title='bbox 2045 3246 2109 3283; x_wconf 70' lang='lat' dir='ltr'>des</span> 
     </span>
     <span class='ocr_line' id='line_1_45' title="bbox 779 3315 1467 3369; baseline -0.006 -12"><span class='ocrx_word' id='word_1_372' title='bbox 779 3321 980 3369; x_wconf 79' lang='lat' dir='ltr'>provinces</span> <span class='ocrx_word' id='word_1_373' title='bbox 1010 3319 1218 3367; x_wconf 76' lang='lat' dir='ltr'>asiatiques</span> <span class='ocrx_word' id='word_1_374' title='bbox 1248 3330 1286 3366; x_wconf 90' lang='lat' dir='ltr'>p.</span> <span class='ocrx_word' id='word_1_375' title='bbox 1311 3316 1387 3354; x_wconf 88' lang='lat'>133</span> <span class='ocrx_word' id='word_1_376' title='bbox 1402 3315 1467 3365; x_wconf 78' lang='lat' dir='ltr'><strong>S.).</strong></span> 
     </span>
    </p>
   </div>
   <div class='ocr_carea' id='block_1_9' title="bbox 2198 0 2222 2316">
    <p class='ocr_par' dir='ltr' id='par_1_17' title="bbox 2198 0 2222 2316">
     <span class='ocr_line' id='line_1_46' title="bbox 2198 0 2222 2316; baseline 0 0"><span class='ocrx_word' id='word_1_377' title='bbox 2198 0 2222 2316; x_wconf 95' lang='lat' dir='ltr'> </span> 
     </span>
    </p>
   </div>
   <div class='ocr_carea' id='block_1_10' title="bbox 2197 2712 2222 3594">
    <p class='ocr_par' dir='ltr' id='par_1_18' title="bbox 2197 2712 2222 3594">
     <span class='ocr_line' id='line_1_47' title="bbox 2197 2712 2222 3594; baseline 0 0"><span class='ocrx_word' id='word_1_378' title='bbox 2197 2712 2222 3594; x_wconf 95' lang='lat' dir='ltr'> </span> 
     </span>
    </p>
   </div>
  </div>
 </body>
</html>
