2222 3594
186 905 309 938 Ponti-

200 955 294 994 fices,

175 1013 319 1046 augures

173 1383 266 1416 Cura
281 1382 333 1415 fa-

188 1443 312 1465 norum

349 225 409 271 12
420 226 447 272 8
926 238 1337 272 ADDITAMENTVM
1361 238 1473 272 von.
1498 238 1537 271 11

344 422 393 459 de
422 435 464 460 re
493 421 723 471 municipali
752 421 870 471 plane
898 422 1098 472 ignorent,
1129 422 1346 472 antiquitus
1377 435 1465 460 eum
1493 423 1612 460 finem
1642 421 1764 460 fuisse
1794 426 1950 461 constat
1978 436 2112 463 mune-

342 354 464 392 fallor
493 353 813 403 antiquissimum
844 352 964 403 estl).
1010 354 1109 392 Item
1139 354 1431 406 sexagesimum
1462 366 1607 392 annum
1637 366 1725 392 cum
1745 353 1854 404 leges
1875 354 2112 395 recentiores
2194 347 2222 371 ⁴·

344 503 431 528 rum
461 490 712 540 publicorum
742 490 1059 541 principiumque
1089 490 1216 529 iustae
1245 491 1506 529 immunitatis
1518 488 1570 540 2).
2191 373 2220 531 s

461 897 722 938 Sacerdotum
757 898 925 949 collegia
961 898 1039 937 duo
1075 899 1162 938 sola
1196 906 1552 939 commemorantur
1588 912 1784 951 augurum
1812 902 2117 953 pontificumque
2165 868 2222 964 ᾗ

346 967 416 1018 (1,
446 967 515 1016 1),
562 979 666 1016 quae
708 972 844 1005 notum
890 973 951 1005 est
995 967 1112 1005 etiam
1150 968 1190 1005 in
1225 981 1268 1005 re
1310 968 1471 1019 publica
1511 969 1694 1007 Romana
1740 969 1827 1008 sola
1873 969 1995 1009 fuisse
2038 971 2116 1022 ipsi
2199 970 2204 973 ’

348 1035 535 1086 aequalia.
570 1048 642 1073 nec
677 1035 852 1074 defuisse
886 1035 928 1073 in
963 1035 1046 1074 ulla
1081 1035 1130 1073 ad
1166 1036 1252 1074 eius
1289 1036 1586 1076 similitudinem
1616 1039 1808 1076 instituta.
1869 1036 2117 1078 Commemo-

348 1108 489 1141 rantur
523 1107 652 1141 autem
684 1104 757 1151 ita,
796 1110 840 1142 ut
867 1103 959 1141 inde
989 1110 1181 1154 appareat
1209 1116 1234 1141 a
1263 1104 1536 1143 sacerdotibus
1566 1105 1646 1144 illis
1676 1106 1825 1156 pariter
1853 1112 1971 1157 atque
2001 1119 2025 1144 a
2052 1107 2118 1146 de·
2162 1092 2219 1169 '³3

350 1171 578 1210 curionibus
614 1172 890 1222 magistratum
924 1172 1070 1223 pignus
1108 1185 1249 1222 capere
1284 1173 1480 1223 potuisse,
1517 1174 1551 1212 si
1587 1175 1655 1224 qui
1685 1186 1819 1212 eorum
1850 1174 1981 1213 officio
2009 1174 2119 1226 fungi

350 1239 608 1286 detrectaret3
647 1240 753 1290 quod
781 1240 934 1278 Romae
963 1252 1123 1290 quoque
1153 1241 1373 1279 obtinuisse
1403 1240 1544 1280 Cicero
1575 1241 1789 1293 siguificat,
1819 1242 1885 1280 ubi
1915 1242 2119 1293 ait³)rtri-

352 1308 500 1346 bunum
530 1307 660 1358 plebis
690 1308 866 1358 pontifici
896 1309 955 1346 vel
984 1310 1206 1347 denuntiare
1233 1309 1416 1360 potuisse
1444 1311 1503 1348 vel
1532 1313 1644 1348 etiam
1673 1323 1813 1361 ωροτε.
2099 1365 2103 1368 .
2175 1344 2201 1373 ἱ,

463 1377 519 1414 At
554 1389 702 1414 novum
739 1377 899 1415 omnino
936 1377 1079 1415 accidit
1112 1377 1219 1427 quod
1255 1389 1288 1415 c.
1318 1375 1545 1416 CXXVIII
1573 1379 1834 1428 perscriptum
1865 1385 1924 1418 est
1951 1378 2000 1416 de
2028 1391 2122 1417 cura
2171 1382 2217 1408 *Γ

352 1444 514 1495 publica
547 1444 727 1482 fanorum
763 1445 1000 1495 templorum
1038 1445 1311 1493 delubrorum,
1347 1445 1497 1484 scilicet
1532 1446 1700 1497 singulis
1736 1447 1850 1485 annis
1879 1446 2033 1486 IIviros
2070 1459 2122 1486 ex
2167 1434 2222 1499 ‘ff

357 1513 613 1551 decurionum
644 1512 800 1551 decreto
831 1514 881 1551 ad
911 1513 1070 1565 singula
1097 1514 1192 1551 fana
1220 1514 1432 1564 magistros
1462 1514 1594 1552 facere
1623 1521 1817 1564 oportere,
1847 1515 1915 1565 qui
1942 1514 2122 1565 magistri
2178 1510 2217 1570 ff}

356 1581 475 1619 ludos
514 1581 732 1628 circenses,
773 1581 986 1628 sacrificia,
1021 1581 1247 1632 pulvinaria
1281 1582 1440 1620 faciant.
1498 1581 1602 1620 Nam
1638 1585 1817 1633 mayistri,
1835 1584 1928 1632 sani
1962 1583 2120 1633 quidem
2172 1578 2214 1637 ζζ·

355 1649 570 1700 aliquoties
599 1649 640 1686 in
669 1649 869 1699 lapidibus
898 1656 1257 1688 commemorantur
1269 1650 1328 1700 4),
1361 1650 1430 1688 sed
1460 1663 1540 1701 quo
1570 1651 1658 1689 loco
1687 1651 1853 1698 fuerint,
1882 1663 2022 1703 parum
2051 1663 2123 1690 no·
2163 1650 2190 1705 ᾖ
2208 1654 2216 1703 ξῖ

352 1730 506 1765 ramus,
549 1730 638 1755 cum
676 1718 910 1768 praesertim
947 1718 1113 1768 reliquis
1150 1719 1391 1757 illustriores
1429 1719 1641 1771 magistros
1678 1717 1905 1770 Campanos
1943 1722 2123 1770 apertum

355 1786 408 1824 sit
437 1786 731 1836 quodammodo
762 1787 1006 1825 successisse
1034 1787 1076 1824 in
1105 1787 1236 1824 locum
1259 1787 1576 1837 magistratuum,
1608 1787 1675 1837 qui
1697 1799 1743 1825 eo
1763 1793 1941 1838 tempore
1961 1777 2222 1841 Capuae-'4⁴¹³

353 1854 455 1892 nulli
483 1859 608 1900 erant,
639 1854 772 1904 itaque
803 1867 904 1904 quae
933 1854 981 1892 de
1008 1854 1058 1893 iis
1088 1855 1296 1893 traduntur
1325 1860 1519 1905 quatenus
1550 1855 1714 1905 reliquis
1744 1867 1903 1905 quoque
1927 1859 2023 1906 apta
2042 1855 2124 1894 sint
2155 1843 2218 1859 ⁴

352 1923 437 1961 iure
472 1922 644 1960 dubitari
679 1927 847 1972 poterat.
907 1923 992 1960 Iam
1029 1923 1136 1972 quod
1172 1936 1307 1961 eorum
1345 1924 1451 1961 tituli
1486 1928 1682 1962 testantur
1714 1922 1877 1974 Capuae
1911 1922 2122 1974 magistros

354 1991 570 2041 quotannis
600 1990 770 2029 refectos
801 2002 889 2029 esse
918 1991 1115 2041 ludosque
1137 1991 1309 2029 edidisse
1340 1991 1437 2040 (vol.
1458 1992 1479 2029 1
1507 2005 1544 2042 p.
1572 1990 1667 2041 159)
1697 1991 1738 2029 id
1764 1991 1894 2041 ipsum
1912 1991 1966 2033 ,ad
1986 2002 2123 2030 omnes

352 2059 536 2097 fanorum
566 2059 780 2110 magistros
809 2060 1017 2110 pervenire
1046 2060 1142 2097 haec
1170 2059 1237 2097 lex
1266 2059 1451 2107 ostendit,
1481 2071 1552 2098 nec
1580 2059 1696 2098 facile
1724 2059 1893 2110 posthac
1912 2059 2122 2109 quisquam

354 2127 515 2178 negabit
544 2129 759 2179 magistros
786 2127 979 2173 fanorum,
1012 2128 1151 2178 quales
1181 2127 1500 2165 iam·didicimus
1529 2127 1571 2165 in
1601 2127 1758 2166 colonia
1779 2126 1977 2166 Genetiva
1997 2125 2122 2165 creari
2215 2123 2217 2126 ’

355 2195 496 2233 solitos
527 2208 638 2244 esse,
673 2196 793 2234 etiam
822 2196 863 2234 in
891 2196 1057 2246 reliquis
1087 2196 1253 2234 coloniis
1284 2196 1589 2246 municipiisque
1619 2208 1822 2234 sacrorum
1852 2205 1988 2234 curam
2017 2194 2123 2234 simi·
2166 2178 2218 2251 Ξ

354 2263 444 2302 liter
479 2264 624 2315 egisse.
685 2265 740 2301 At
775 2269 814 2302 et
843 2264 1044 2302 difficilius
1074 2264 1191 2315 longe
1220 2270 1281 2303 est
1310 2269 1349 2302 et
1377 2264 1502 2302 multo
1532 2263 1694 2302 maioris
1723 2264 1912 2302 momenti
1941 2261 2123 2302 determi-
2166 2258 2219 2303 ;’-·ῑ’

458 2497 489 2538 ¹)
528 2498 626 2530 Idem
658 2498 822 2540 proponit
845 2498 967 2530 Festus
993 2508 1024 2530 v·
1051 2497 1158 2539 pubes
1183 2508 1216 2539 p.
1239 2497 1319 2530 250.
1370 2498 1460 2530 Iuris
1489 2502 1644 2530 auctores
1670 2497 1778 2531 Gaius
1797 2498 1828 2536 1,
1850 2496 1918 2529 196
1945 2499 1978 2528 et
2001 2495 2121 2538 Ulpia-
2168 2486 2213 2543 {2⁴

355 2571 418 2592 nus
449 2562 505 2600 11,
532 2561 576 2592 28
605 2559 739 2592 scholas
766 2559 808 2591 de
835 2560 980 2592 termino
1007 2559 1205 2591 dissensisse
1230 2559 1399 2599 referunt,
1435 2564 1471 2592 ut
1496 2569 1570 2592 eam
1597 2569 1698 2602 quam
1725 2558 1883 2592 Caesaris
1907 2558 1964 2590 lex
1991 2557 2122 2600 opinio·
2191 2571 2198 2591 ι

356 2632 434 2654 nem
459 2621 658 2654 Proculiani
684 2621 790 2653 secuti
816 2622 893 2653 sint.
2163 2604 2212 2665 323⁵

460 2681 492 2723 ²)
529 2684 642 2715 Varro
674 2682 766 2724 apud
791 2682 943 2714 Nonium
969 2693 1003 2724 p.
1023 2682 1112 2714 523:
1146 2693 1217 2715 eum
1249 2706 1280 2714 ..
1296 2706 1304 2714 .
1337 2681 1503 2714 habebant
1527 2680 1600 2714 LX
1622 2691 1742 2722 annos,
1777 2685 1842 2713 tum
1867 2679 2005 2724 denique
2029 2682 2126 2712 erant
2192 2669 2207 2694 Χ

356 2756 379 2777 α
400 2743 549 2788 publicis
572 2744 717 2787 neqotiis
743 2742 842 2775 liberi
865 2748 962 2787 atque
987 2744 1096 2776 otiosi.
1142 2745 1274 2776 Auctor
1299 2744 1343 2776 ad
1361 2744 1509 2776 Herenn.
1531 2745 1564 2784 2,
1586 2743 1642 2783 13,
1664 2744 1726 2775 20:
1752 2746 1790 2781 ut
1812 2742 1920 2775 maior
1941 2741 2039 2774 annis
2053 2737 2126 2774 LX
2194 2727 2206 2774 {²

357 2811 390 2838 et
415 2806 471 2838 cui
493 2803 626 2838 morbus·
650 2815 754 2837 causa
779 2809 835 2844 est,
866 2806 1066 2849 coquitorem
1092 2804 1156 2838 det.
1195 2806 1284 2837 Vide
1311 2805 1353 2837 de
1378 2805 1520 2837 militari
1545 2809 1654 2837 aetate
1671 2803 1861 2836 Becker-um
1887 2803 2015 2836 enchir.
2034 2804 2068 2843 2,
2088 2803 2120 2842 1,
2166 2838 2173 2849 Ἀ
2202 2843 2206 2853 k

358 2868 440 2900 215.
462 2867 551 2907 216,
586 2867 629 2899 de
655 2867 827 2899 senatoria
852 2867 897 2898 ib.
927 2868 959 2907 2,
982 2868 1014 2907 2,
1035 2868 1117 2899 407.
1143 2884 1187 2891 --
1222 2867 1265 2899 In
1289 2877 1326 2898 re
1352 2867 1550 2908 municipali
1576 2866 1667 2908 quod
1692 2870 1812 2908 postea
1837 2865 1983 2898 obtinuit
2006 2873 2122 2897 mune·
2163 2892 2177 2911 33
2201 2899 2203 2901 ,

357 2939 434 2961 rum
461 2929 611 2961 civilium
636 2928 886 2960 immunitatem
912 2929 1063 2970 incipere
1088 2933 1166 2970 post
1191 2937 1316 2960 annum
1343 2928 1627 2970 septuagesimum
1653 2926 1754 2969 (Dig.
1774 2927 1832 2967 50,
1853 2927 1886 2967 2,
1906 2927 1940 2966 2,
1961 2927 1993 2959 8.
2019 2926 2070 2958 tit.
2086 2924 2120 2965 6,
2167 2922 2178 2962 *J

357 2991 380 3022 4
406 2989 471 3032 [3].
522 2990 627 3023 Kuhn
653 2987 753 3022 stddt.
780 2986 869 3030 Vetf.
898 2990 928 3030 1,
951 2989 1022 3030 70),
1049 3000 1119 3022 non
1141 2994 1211 3022 tam
1237 2989 1282 3022 ad
1306 2999 1428 3032 operas
1453 2998 1564 3041 manig
1581 2988 1756 3021 faciendas
1781 2988 1928 3031 pertinet
1951 2996 2052 3030 quam
2076 2985 2122 3018 nd
2157 2973 2201 3048 j}

358 3051 552 3083 curationes
577 3051 780 3093 similiaque.
2158 3044 2189 3077 fs*

459 3111 491 3152 ³)
529 3112 586 3144 De
612 3112 715 3144 domo
741 3112 800 3152 45,
823 3113 904 3144 117.
957 3111 1010 3145 Cf.
1037 3112 1112 3145 Liv.
1133 3112 1189 3153 33,
1209 3113 1266 3145 42.
2157 3122 2187 3154 gg<

459 3172 492 3213 ⁴)
532 3173 638 3206 Orell.
659 3175 751 3206 2218
773 3186 817 3199 =
835 3173 864 3205 Ι.
883 3173 927 3206 N.
949 3173 1061 3206 3942:
1088 3184 1175 3217 may.
1191 3173 1276 3216 sani
1291 3172 1441 3206 Iunonis.
1485 3172 1590 3206 Orell.
1610 3172 1703 3205 3053
1722 3184 1766 3198 =
1785 3172 1813 3204 Ι.
1832 3171 1877 3204 N.
1897 3170 2008 3204 3636.
2034 3179 2119 3213 may
2154 3152 2185 3180 ξ

348 3234 427 3276 jan.
455 3233 560 3266 Dzan.
586 3233 617 3266 T
615 3234 689 3277 vsat
738 3235 818 3267 Non
845 3235 971 3267 diversi
997 3239 1075 3267 sunt
1100 3236 1223 3277 opinor
1237 3235 1400 3277 fanorum
1426 3238 1597 3267 curatores
1621 3233 1776 3265 homines
1801 3232 1940 3275 ingenui
1965 3235 2122 3274 quattuor

359 3296 448 3327 tituli
467 3296 677 3328 Veronensis
705 3295 859 3335 (Henzen
879 3296 974 3328 5990
1002 3309 1045 3322 =
1074 3296 1111 3330 C.
1131 3297 1160 3330 Ι.
1179 3297 1219 3329 L.
1238 3297 1282 3338 V,
1303 3297 1415 3336 3924;
1442 3296 1485 3329 cf.
1511 3295 1639 3328 ibidem
1663 3305 1698 3326 n.
1718 3294 1824 3327 3310.
1845 3292 1954 3335 5311)
1979 3291 2120 3325 similes·

360 3366 424 3401 que
450 3357 531 3388 alibi
559 3357 711 3399 (Henzen
736 3358 808 3392 ind.
833 3368 867 3403 p.
890 3357 984 3399 161).
