2222 3594
503 0 562 23 trau·
574 0 582 13 :
599 0 624 25 '14
675 0 707 21 -ξ,

564 225 968 260 οΒεΕΒνΑΤΙοΝΕε
1001 225 1371 261 EPIGRAPHICAE
1393 225 1518 259 xvn.
1815 212 1912 259 251

149 354 242 381 cum
261 340 429 394 Sapaeis
442 342 494 393 ¹),
522 342 566 380 id
583 354 825 392 quamquam
850 342 996 380 mirum
1013 348 1089 388 est,
1117 347 1251 381 tamen
1278 342 1363 380 fieri
1391 346 1537 392 potest,
1566 347 1610 380 ut
1635 353 1803 392 regnum
1829 340 1917 380 uni-

146 422 291 450 versae
308 410 506 450 Thraciae
529 418 716 460 coeptum
737 423 763 448 a
781 422 907 461 regno
926 409 1180 460 Odrysarum
1208 422 1324 462 reges
1353 409 1537 449 habuerit
1564 409 1702 460 stirpis
1722 408 1916 460 Sapaeae,

29 534 35 544 ἱ
80 494 85 527 j
145 479 299 530 regiam
326 491 415 518 eam
443 490 546 530 quae
573 479 651 517 fuit
677 485 796 518 antea
822 480 1026 518 Astarum.

260 549 305 594 1.
355 544 508 611 Cotys
535 560 644 610 genti
671 560 844 611 praefuit
871 566 911 598 et
939 573 975 598 a.
998 559 1076 598 697
1090 557 1131 609 ²)
1158 565 1199 598 et
1227 571 1307 610 quo
1335 565 1515 610 tempore
1542 557 1696 621 Caesar
1722 559 1765 598 iu
1785 558 1916 598 Thes·

147 627 250 668 salia
277 627 494 668 debellavit
520 640 555 666 a.
578 627 681 675 7063
716 641 809 667 nam
836 628 1032 679 Pompeio
1071 627 1224 666 auxilia
1259 627 1423 666 miserat
1452 626 1580 678 Cotys
1610 627 1807 666 Thraciae
1841 639 1916 666 rex

3 681 16 687 γ’
34 742 43 755 ὁ
72 727 75 730 .
131 693 275 735 filium
294 694 481 736 Sadalam
509 709 599 735 cum
627 696 827 747 equitibus
856 696 1085 747 quingentis
1098 695 1153 746 ³),
1180 695 1335 747 fuitque
1356 693 1505 735 Sadala
1532 696 1637 734 inter
1655 708 1737 744 eos,
1769 695 1916 747 quibus

146 771 242 817 post
267 764 474 804 victoriam
504 763 657 804 Caesar
682 764 838 815 ignovit
847 764 902 815 ⁴).

255 833 302 880 2.
352 831 531 881 sadala
542 844 583 895 ⁵)
616 845 752 896 paullo
786 854 879 896 post
913 845 1017 897 patri
1046 845 1290 884 successisse
1319 844 1497 891 videtur3
1536 844 1635 883 obiit
1662 851 1796 884 autem
1824 857 1858 884 c.
1878 856 1915 884 a.

149 913 231 954 ⁷12
244 913 486 954 testhione
496 913 552 963 ⁶),
573 914 642 964 qui
662 913 774 952 addit
792 926 882 953 eum
903 914 1066 964 stirpem
1076 913 1226 953 nullam
1241 918 1335 965 post
1354 925 1398 952 se
1416 913 1627 964 reliquisse
1648 920 1688 952 et
1705 920 1918 965 propterea

138 983 389 1021 ‘testamento
437 993 603 1033 regnum
653 981 811 1034 legasse
852 982 1065 1029 Romanis,
1115 981 1236 1032 idque
1285 994 1504 1032 occupasse
1547 981 1603 1020 M.
1646 981 1816 1021 Brutum
1869 994 1919 1021 eo

145 1050 237 1104 ipso
270 1056 449 1101 tempore
480 1051 522 1088 in
551 1049 765 1089 Thraciam
795 1051 1081 1090 advenientem.
1139 1049 1313 1089 Diverse
1341 1050 1553 1102 Appianas
1581 1050 1916 1089 Polemocratiam

126 1118 205 1158 ait
237 1130 403 1165 uxorem
438 1118 644 1158 cuiusdam
678 1132 730 1158 ex
758 1119 907 1170 regulis
937 1119 1153 1167 Thraciae,
1190 1119 1304 1158 cuius
1333 1132 1478 1158 nomen
1516 1125 1654 1158 auctor
1682 1131 1762 1158 non
1790 1119 1918 1170 ponit,

148 1198 267 1226 caeso
292 1187 436 1227 marito
464 1187 548 1226 filio
575 1187 718 1226 infanti
746 1187 951 1227 etiamtum
979 1192 1216 1227 metuentem
1246 1200 1335 1226 eum
1365 1188 1550 1227 attulisse
1585 1200 1664 1226 una
1697 1200 1788 1226 cum
1816 1200 1919 1239 gaza

147 1254 262 1309 regia
286 1254 341 1293 ad
367 1254 534 1294 Brutum
544 1269 556 1302 3
586 1255 752 1294 Brutum
782 1256 908 1294 filium
930 1254 1067 1307 Cyzici
1096 1255 1340 1307 seposuisse,
1370 1257 1495 1295 donec
1523 1256 1564 1294 in
1592 1267 1758 1306 regnum
1787 1261 1917 1306 pater·

102 1326 106 1328 ’
149 1335 245 1361 num
279 1323 414 1362 reduci
448 1332 604 1374 posset,
641 1325 850 1363 thesauros
884 1331 1016 1363 autem
1052 1325 1094 1363 in
1130 1337 1247 1363 suum
1286 1324 1414 1374 ipsius
1452 1336 1569 1363 usum
1605 1324 1850 1363 convertisse
1863 1322 1918 1375 ⁷).

129 1389 331 1442 'Utraque
359 1391 533 1430 narratio
556 1392 590 1430 si
611 1404 706 1430 vera
733 1400 796 1431 est
824 1399 863 1432 et
890 1393 1132 1444 incorrupta,
1160 1392 1479 1431 Polemocratiae
1502 1393 1669 1431 maritus
1696 1398 1736 1430 et
1756 1391 1917 1440 Sadala,

149 1470 391 1511 quamquam
417 1472 492 1498 rex
521 1459 718 1500 Thraciae
747 1468 914 1511 uterque
940 1461 1016 1499 fuit
1043 1461 1263 1511 eodemque
1291 1461 1374 1499 fere
1403 1468 1582 1512 tempore
1609 1468 1775 1511 uterque
1804 1460 1917 1508 obiit,

149 1525 300 1566 diversi
333 1526 479 1566 fuerint
513 1540 676 1568 necesse
710 1535 791 1576 θείς
827 1542 919 1568 nam
954 1529 1023 1567 ille
1058 1529 1157 1568 obiit
1193 1529 1278 1568 sine
1314 1529 1452 1568 liberis
1482 1522 1659 1579 (ducac),
1699 1529 1763 1567 hic
1789 1528 1916 1567 filium

148 1593 340 1635 infantem
375 1595 548 1647 reliquit.
619 1598 675 1635 At
713 1598 827 1636 adest
861 1597 999 1636 titulus
1038 1607 1130 1636 ante
1165 1597 1238 1636 hos
1267 1597 1408 1649 viginti
1443 1609 1572 1636 annos
1601 1610 1626 1636 a
1653 1596 1863 1648 Rangabio
1876 1595 1918 1647 ⁸)

151 1662 298 1711 editus,
326 1663 555 1722 sed-adhuc
583 1665 692 1716 quod
720 1665 843 1704 sciam
872 1677 898 1704 a
925 1666 1025 1704 viris
1055 1665 1181 1704 doctis
1210 1665 1415 1716 neglectus
1443 1666 1527 1704 hic:

253 1803 287 1846 ¹)
319 1804 432 1848 Cotyn
457 1817 552 1846 eum,
585 1808 643 1850 qui
667 1808 770 1850 periit
794 1818 823 1841 c.
841 1817 873 1840 a.
894 1809 938 1841 19
963 1818 998 1850 p.
1014 1807 1115 1848 chr„
1142 1808 1268 1843 Strabo
1291 1809 1347 1848 12,
1367 1809 1401 1849 3,
1421 1809 1467 1841 29
1493 1819 1527 1852 p.
1548 1808 1619 1842 556
1644 1808 1818 1851 Sapaeum
1851 1807 1917 1842 ait:

88 1860 92 1863 ’
127 1873 133 1878 ”
151 1857 262 1900 thu
282 1864 327 1908 τᾷ
351 1864 503 1909 Σαταίῳ.
543 1869 636 1901 Fieri
658 1874 786 1912 potest,
812 1875 850 1902 ut
874 1875 994 1902 auctor
1018 1870 1194 1912 scripserit
1217 1861 1323 1903 Ko'm
1348 1862 1395 1911 τᾷ
1419 1862 1584 1910 iahilu,
1618 1870 1679 1903 sed
1704 1870 1916 1903 coniunctio·

151 1937 233 1962 nem
255 1929 373 1972 regiae
397 1930 512 1972 stirpis
537 1930 749 1974 Sapaeormn
775 1941 851 1964 cum
876 1931 983 1974 ipsius
1002 1931 1172 1964 Thraciae
1198 1932 1333 1975 regibus
1359 1937 1472 1964 tuetur
1497 1942 1623 1965 nomen
1643 1931 1913 1975 Rhescuporidis

152 1990 306 2033 utrisque
330 2001 521 2024 commune.

254 2049 289 2092 ²)
321 2051 442 2086 Cicero
466 2054 502 2086 in
526 2053 599 2087 Pis.
617 2054 675 2095 34,
695 2055 754 2087 84.
789 2055 895 2088 Anno
921 2059 1035 2088 autem
1061 2055 1132 2088 679
1150 2055 1281 2090 Sadala
1305 2065 1378 2096 rex,
1404 2060 1504 2098 pater
1529 2055 1688 2088 videlicet
1705 2055 1836 2098 Cotyis,
1862 2065 1916 2089 re-

153 2112 286 2156 girabat
309 2113 446 2154 (Cicero
462 2116 564 2148 Verr.
589 2116 613 2148 l.
633 2118 666 2156 1,
686 2117 743 2156 24,
763 2116 835 2156 63).

254 2172 289 2215 ³)
321 2175 450 2209 Caesar
471 2176 506 2209 b.
532 2187 562 2209 c.
580 2178 614 2217 3,
634 2178 669 2210 4.
687 2177 744 2210 36.
792 2178 923 2210 Lucan.
941 2179 977 2218 4,
997 2178 1054 2211 54.
1104 2178 1177 2211 Dio
1202 2180 1262 2219 41,
1283 2179 1340 2212 51.

253 2233 288 2277 ⁴)
320 2236 392 2270 Dio
418 2239 477 2279 ιι,
499 2239 556 2271 63.

255 2296 289 2339 ⁵)
321 2298 509 2332 Nummum
525 2300 696 2333 Miouneti
720 2300 758 2335 S.
777 2301 811 2341 2,
831 2301 913 2341 555,
933 2301 991 2341 37,
1018 2301 1055 2333 in
1079 2311 1147 2344 quo
1171 2302 1284 2343 legere
1310 2301 1376 2334 sibi
1395 2302 1487 2334 visus
1512 2306 1565 2334 est
1580 2301 1749 2336 Soetinius
1774 2301 1916 2334 uomina

155 2357 286 2409 (ἔργου
310 2365 344 2392 et
358 2361 506 2395 Sadalae
534 2372 653 2404 regum
666 2362 835 2395 Thraciae
861 2363 1053 2403 coniuncta,
1081 2373 1159 2396 vere
1184 2373 1258 2396 esse
1284 2363 1405 2406 oppidi
1427 2363 1617 2405 Hispaniae
1640 2363 1754 2406 Iptuci
1783 2363 1920 2396 monuit

79 2395 86 2455 Ἰ,
115 2431 117 2433 ·
151 2419 409 2456 Friedlaendcr.

255 2481 272 2503 ε
321 2483 393 2516 Dio
418 2485 465 2517 4⁷
505 2485 563 2518 25·

254 2482 289 2585 ’ζ
319 2509 502 2588 Appianus
524 2546 559 2578 b.
585 2557 613 2578 c.
638 2547 673 2586 4,
700 2546 765 2579 75:
797 2540 962 2590 ἐγείροντι
988 2544 1025 2579 ὃὶ
1054 2542 1140 2588 αὐτῷ·
1171 2547 1239 2587 (Μ.
1266 2546 1395 2587 Bruto)
1429 2537 1572 2590 στρατδν
1596 2543 1645 2578 ἔτι
1675 2545 1730 2579 καὶ
1754 2539 1919 2593 χρήματα.

155 2602 323 2652 συντυχία
339 2599 486 2649 Θρᾴκιος
501 2600 615 2639 τοιᾶδε
636 2604 774 2650 γίνεται.
804 2606 1066 2652 Πολεμοκρατία
1082 2602 1161 2652 γυνή
1174 2619 1262 2645 τινος
1276 2607 1336 2640 τῶν
1354 2604 1567 2648 βασιλίσκων
1583 2603 1816 2651 ἀναιρεθέντος
1832 2605 1917 2655 αὐτῇ

153 2664 214 2699 τοῦ·
234 2660 353 2711 ἇνέρδς
377 2662 434 2699 ὑπ’
446 2666 582 2714 ἐχθρῶν
601 2664 747 2700 δείσασα
762 2667 835 2713 περὶ
860 2668 905 2710 τῷ
928 2665 1025 2701 παιδὶ
1044 2666 1092 2701 ἔτι
1110 2663 1179 2701 ἕντι
1194 2667 1316 2710 παιδίῳ
1333 2662 1408 2710 ἧκεν
1425 2661 1524 2702 aurcis«
1541 2667 1690 2715 φέρουσι
1713 2665 1770 2701 καὶ
1787 2666 1917 2716 ἐνεχεί-

155 2737 229 2772 ρισε
252 2720 405 2772 Βροιῖτῳ,
441 2726 627 2774 ἐνεχείρισε
652 2726 690 2761 δὲ
713 2729 766 2761 καὶ
791 2723 868 2767 ‘roric
897 2729 956 2763 τοῦ
987 2723 1106 2775 ἀνδρδς
1129 2723 1332 2775 ἓησαυροιῖς.
1384 2723 1402 2762 ὃ
1427 2728 1465 2763 δὶ
1486 2723 1544 2762 τδν
1569 2728 1626 2774 μἐν
1649 2727 1756 2762 παῖδα.
1777 2730 1919 2772 Κυζικη-

155 2789 222 2824 νοῖς
245 2783 436 2833 ἀνατρέψειν
459 2787 638 2833 παρέδωκε,
664 2789 771 2837 μέχρι
796 2789 1007 2837 σχολάσειεν
1032 2790 1083 2823 ἐπὶ
1107 2783 1165 2832 ‘niv
1190 2789 1371 2832 βασιλείαν
1394 2793 1599 2836 καταγαγεῖν,
1634 2789 1666 2823 ἓν
1692 2788 1729 2823 δὲ
1755 2794 1827 2828 τοῖς
1850 2791 1917 2834 sq-

156 2850 292 2892 σωροῖς
315 2841 387 2894 εὗρε
410 2844 598 2894 παράδοξον
623 2842 771 2897 xpus-[ov
794 2863 830 2883 τε
855 2851 991 2894 πλῆθος
1014 2852 1067 2885 καὶ
1093 2846 1247 2897 ἀργύρου,
1275 2848 1332 2885 καὶ
1355 2852 1451 2886 τοῦτο
1478 2851 1535 2896 μὲν
1553 2850 1665 2884 ἔκοπτε
1690 2847 1746 2884 καὶ
1771 2844 1918 2897 witus-pa

157 2906 273 2941 keten.
314 2910 481 2944 Nummos
507 2922 551 2944 ex
574 2922 663 2954 gaza
682 2913 741 2945 ille
765 2914 859 2956 regia
884 2924 983 2946 cusos
1008 2924 1066 2946 eos
1092 2924 1182 2954 esse,
1213 2915 1251 2946 in
1276 2915 1398 2956 quibus
1422 2925 1549 2947 nomen
1574 2916 1711 2944 ΚΟΣΩΝ
1738 2919 1773 2946 et
1795 2924 1917 2947 mono·

155 2980 311 3013 gramma
335 2974 382 3001 LB
398 2973 557 3013 cernitur,
582 2973 764 3006 Eckhelius
781 2975 927 3007 coniecit
941 2975 975 3014 6,
993 2975 1038 3007 23
1064 2974 1295 3017 adsensusque
1312 2986 1387 3007 sum
1405 2986 1468 3018 ego
1493 2977 1530 3007 in
1546 2975 1635 3008 libro
1660 2975 1705 3007 de
1727 2985 1767 3008 re
1790 2980 1917 3009 monet.

155 3041 191 3074 p.
209 3032 298 3072 693,
330 3032 368 3064 in
399 3042 440 3064 eo
472 3038 563 3065 certe
595 3043 731 3075 errans,
765 3035 858 3077 quod
887 3035 1002 3067 mariti
1032 3045 1159 3067 nomen
1190 3036 1234 3067 ab
1258 3037 1424 3079 Appiano
1455 3046 1526 3069 non
1557 3037 1769 3069 enuntiatum
1794 3028 1918 3069 xo'euv

154 3092 260 3126 fuisse
283 3093 394 3135 posui.

257 3152 290 3194 ⁸)
322 3152 512 3197 Antiquite's
533 3152 749 3199 Helleniques
773 3157 795 3188 2
820 3167 854 3198 p.
874 3157 944 3189 784
969 3166 1004 3187 n.
1024 3151 1129 3188 1236}
1178 3156 1344 3189 Eiusdem
1370 3158 1461 3190 tituli
1496 3158 1577 3190 dum
1609 3157 1695 3191 haec
1725 3158 1839 3192 scribo
1869 3159 1916 3192 ad

156 3225 212 3248 me
235 3215 350 3248 attulit
371 3215 633 3248 Mordtmannus
664 3216 808 3248 alterum
833 3217 1048 3259 exemplum,
1081 3217 1143 3248 sed
1168 3223 1363 3259 corruptum
1397 3224 1432 3250 et
1462 3219 1513 3251 ita
1543 3219 1660 3260 hians,
1692 3225 1731 3252 ut
1762 3220 1915 3263 lapidem

155 3285 292 3317 interim
318 3285 508 3317 diffractum
534 3295 608 3318 esse
633 3292 806 3327 appareat.
870 3288 979 3319 Varia
1002 3287 1104 3318 lectio
1130 3287 1215 3319 haee
1239 3293 1308 3320 est:
1338 3290 1357 3320 1
1383 3289 1442 3320 fin.
1467 3289 1646 3318 ΑΣΑΔΑΛΑ
1673 3287 1779 3322 deest.
1804 3305 1850 3312 —
1894 3286 1917 3319 2

155 3348 521 3376 κΑιΒΑευυεεΑηοΛε
546 3346 681 3379 omissis
704 3347 856 3390 reliquis.
899 3366 943 3372 —
996 3348 1017 3380 3
1042 3341 1202 3390 ῐοΝειε]
1232 3351 1315 3379 sen

1559 3406 1642 3446 17·
