2222 3594
29 1466 31 1469 ·
54 1439 307 1510 mm..

46 1711 296 1772 summ

644 230 856 294 vas'r.
880 253 1171 290 onom-101..
1196 255 1231 288 1.
1323 306 1328 310 .
1759 240 1821 287 67

382 357 468 407 iius
495 375 604 408 recte
629 368 938 408 Poediculorum
964 380 1110 408 nomen
1137 369 1331 417 restitnit,
1359 369 1467 420 qnod
1494 375 1638 420 postea
1664 368 1827 408 Paridis

383 435 556 486 epitome
593 449 638 476 re
674 449 772 476 vera
807 437 1002 476 exhibuit.
1070 434 1191 485 Quod
1224 438 1410 488 fidiculae
1444 437 1591 476 Latine
1632 437 1824 487 citharam

383 503 610 555 significant
635 517 875 556 nervosque,
910 517 959 543 eo
988 504 1178 556 oppidum
1207 505 1327 544 etiam
1356 505 1484 545 fuisse
1509 505 1717 544 Fidiculas
1746 517 1826 544 non

384 572 622 612 excluditur.
678 573 820 624 ltaque
852 573 1026 612 fortasse
1060 572 1145 611 eius
1173 573 1434 612 meminerant
1462 573 1532 624 qni
1559 573 1713 612 Valerii
1740 573 1826 612 Ma·

380 640 482 678 ximi
510 641 758 692 exemplaria
783 647 1081 680 recensuerunt.

390 705 436 746 G.
470 708 692 749 Emonia
724 709 1019 761 Epaphroditum
1051 709 1095 748 in
1129 709 1320 749 laterculo
1355 708 1534 748 Ostiensi
1571 708 1688 749 Grut.
1719 708 1822 747 1077

493 775 557 815 IV
582 790 613 816 s.

382 841 435 883 L.
464 844 679 896 Freqaniue
706 845 758 886 L.
789 846 815 885 1.
847 845 1084 886 Saturninus

383 911 578 964 Reqania
604 913 655 953 L.
688 915 713 954 l.
742 914 895 954 Helena

363 979 580 1032 ’Περσῆα
611 982 652 1023 C'.
683 983 708 1022 l.
738 983 919 1022 Diodora
946 981 1166 1022 Beneventi
1193 981 1228 1020 Ι.
1248 980 1301 1020 N.
1327 981 1445 1020 1615.

364 1081 366 1084 .
382 1046 432 1087 L.
448 1048 668 1100 Freqanim
686 1051 726 1091 C.
738 1052 778 1101 s.
798 1051 936 1090 Macer
954 1050 1170 1090 Ravennae
1189 1048 1308 1089 Grut.
1327 1049 1447 1097 1072,
1468 1050 1492 1088 6
1515 1066 1565 1082 ---
1587 1049 1691 1088 Mur.
1709 1049 1776 1096 84,
1797 1049 1822 1088 5

493 1124 534 1156 et
564 1118 684 1167 1042,
708 1120 728 1157 1
760 1118 872 1169 (inde
901 1118 1028 1159 Orell.
1053 1118 1179 1169 1765)
1207 1118 1248 1156 in
1278 1118 1396 1157 titulo
1422 1118 1596 1156 incertae
1623 1117 1730 1156 fidei.

380 1183 429 1223 P.
459 1185 675 1236 Rogamus
703 1186 848 1227 Dum-io
875 1188 919 1226 in
947 1187 1139 1227 laterculo
1169 1185 1349 1226 Ostiensi
1379 1184 1495 1226 Grut.
1519 1185 1624 1224 1077
1645 1185 1707 1224 VI
1727 1198 1755 1224 ι.

381 1252 578 1304 steqania
606 1255 854 1295 Alexandrea

382 1321 579 1372 Royania
607 1351 617 1361 .
635 1352 645 1362 .
661 1336 748 1362 nom
763 1353 774 1363 .
790 1353 801 1363 .
819 1353 830 1363 .
847 1354 857 1362 .
886 1324 1102 1375 Dyrrachii
1132 1323 1181 1363 C.
1201 1324 1235 1362 1.
1255 1322 1305 1362 L.
1324 1323 1387 1362 111
1410 1322 1502 1361 617.

382 1387 663 1441 Compei-anda
691 1391 899 1445 Fregenae
926 1399 968 1431 et
994 1392 1204 1444 Fregellae
1232 1398 1329 1430 nota
1355 1391 1498 1429 Italiae
1526 1390 1685 1442 oppida.

387 1457 595 1498 Fundanio
622 1473 720 1512 gens
748 1460 905 1512 plebeia
931 1467 1026 1500 nota
1052 1461 1145 1499 inde
1173 1473 1199 1499 a
1224 1460 1384 1499 tribuno
1412 1459 1543 1510 plebis
1572 1471 1610 1496 a.
1629 1459 1724 1506 505,
1754 1459 1823 1509 qui

492 1534 735 1568 memoratur
767 1529 809 1567 in
845 1529 1009 1568 scholiis
1039 1529 1308 1568 Bobiensibus
1344 1527 1396 1566 ad
1424 1526 1632 1567 Ciceronis
1662 1525 1823 1566 Clodia-

490 1607 584 1635 nam
611 1610 650 1648 p.
672 1597 751 1635 337
782 1595 854 1636 Or.
883 1604 924 1636 et
950 1598 1058 1649 apud
1087 1596 1262 1637 Gellium
1287 1596 1351 1645 10,
1374 1596 1413 1635 6.

380 1662 514 1703 Fundi
540 1664 730 1717 oppidum
759 1671 911 1704 notum.

388 1731 431 1771 T.
467 1732 681 1783 strsanins
716 1733 917 1773 Postumus
953 1734 1058 1786 apud
1091 1733 1325 1774 Ciceronem
1359 1734 1402 1772 in
1435 1732 1656 1772 Miloniana
1682 1731 1747 1779 27,
1768 1733 1820 1771 75

491 1805 533 1839 et
557 1801 600 1839 in
629 1801 813 1852 epistulis
842 1802 895 1840 ad
922 1801 1014 1840 fam.
1038 1801 1076 1851 6,
1097 1802 1122 1841 8
1150 1803 1392 1842 nominatur.

378 1867 422 1907 T.
453 1868 666 1920 Manius
691 1870 743 1910 O.
775 1870 801 1908 l.
837 1869 1035 1910 Onesimus
1245 1905 1253 1908 -
1550 1910 1553 1912 ,

383 1935 425 1976 T.
456 1935 667 1988 Rarsanius
695 1937 863 1977 Hilarum
896 1939 1001 1978 inter
1034 1939 1248 1991 magistros
1284 1938 1463 1977 vicorum
1497 1938 1539 1976 in
1565 1937 1653 1976 basi
1681 1950 1718 1977 a.
1743 1935 1820 1975 136

488 2003 613 2045 Smet.
633 2005 688 2045 54
698 2019 735 2045 v.
764 2006 855 2045 Vet
882 2007 942 2045 VI
966 2006 1078 2057 (inde
1107 2006 1224 2047 Grut.
1246 2006 1342 2054 249,
1363 2006 1421 2056 8).

384 2073 431 2120 Q.
458 2073 673 2125 Furjam'us
702 2075 892 2125 Nigrinus

379 2141 573 2191 Rnsmia
601 2141 731 2182 Flora
759 2142 913 2182 Romae
943 2141 1058 2183 Grnt.
1084 2145 1204 2191 1115,
1226 2143 1251 2182 2
1278 2144 1320 2182 in
1349 2143 1467 2183 titulo
1497 2155 1533 2181 a.
1556 2141 1648 2180 712.

378 2209 574 2260 Mania
600 2210 741 2250 Danae
767 2211 922 2251 Romae
951 2210 1071 2251 Grut.
1096 2211 1216 2259 1132,
1238 2212 1276 2250 7.

378 2277 573 2327 Rarsania
604 2279 645 2319 G.
665 2280 705 2328 s.
734 2279 906 2318 Paulina
932 2280 1087 2319 Romae
1117 2279 1297 2318 Fabi-etti
1317 2280 1411 2327 656,
1432 2279 1526 2318 487.

379 2343 597 2396 'Rffania
632 2346 684 2384 L.
717 2350 755 2398 s.
791 2348 1005 2387 Satur-nina
1043 2348 1197 2388 Romae
1231 2347 1354 2388 Smet.
1385 2347 1457 2396 90,
1487 2346 1511 2384 2
1549 2345 1664 2396 (inde
1701 2345 1818 2385 Grut.

490 2413 583 2463 552,
606 2413 651 2464 2)
679 2415 835 2454 videtur
862 2429 942 2455 non
970 2422 1076 2456 recte
1104 2416 1251 2455 tradita
1279 2428 1380 2456 esse.

384 2481 430 2528 Q.
461 2481 686 2521 Ger-manius
718 2483 882 2534 optatus

379 2548 588 2589 Germania
615 2551 755 2601 Rufina
781 2553 936 2591 Romae
965 2552 1079 2594 Grut.
1101 2553 1195 2600 840,
1217 2553 1256 2591 9.

380 2618 422 2658 C.
443 2616 671 2658 Germanias
693 2619 735 2659 C.
753 2620 813 2669 fil.
839 2620 994 2659 Collina
1017 2621 1238 2659 Valentinus
1267 2620 1508 2671 legionarius
1538 2620 1625 2657 aevi
1650 2618 1817 2657 Traiani

380 2686 421 2726 G.
455 2686 683 2726 Germanias
713 2687 878 2727 Florens
905 2689 1075 2727 libertus
1102 2689 1287 2739 idemque
1315 2688 1423 2726 filius

382 2753 589 2793 Germania
618 2784 738 2794 .....
767 2754 901 2795 Nolae
928 2757 962 2795 Ι.
982 2757 1036 2796 Ν.
1060 2756 1180 2795 1993.

376 2821 428 2860 L.
452 2821 717 2873 Ger-mastinos)
742 2823 887 2863 Gratus
906 2824 947 2862 in
965 2824 1159 2863 laterculo
1179 2837 1215 2862 a.
1233 2823 1314 2862 210
1334 2822 1381 2862 C.
1399 2823 1432 2861 I.
1448 2823 1495 2861 L.

486 2889 548 2928 VI
571 2891 692 2938 1057,
713 2891 751 2939 5,
773 2903 819 2930 3⁰.
1574 2896 1616 2928 ut
1643 2890 1779 2940 possis

377 2956 427 2996 L.
450 2957 715 3008 Gmnanfflas)
735 2958 912 2997 Iulianus
935 2959 1080 2997 ibidem
1101 2958 1147 2998 C.
1168 2959 1201 2997 I.
1222 2958 1272 2997 L.
1292 2959 1353 2997 VI
1376 2959 1494 3005 1058,
1554 2958 1674 2995 etiam
1707 2956 1801 2995 Ger-

487 3026 526 3073 5,
547 3037 611 3063 12⁷.
1557 3037 1691 3062 manns
1720 3024 1801 3062 sol-

378 3091 647 3142 Germaniots)
665 3093 864 3131 Filonicus
883 3094 926 3131 in
945 3093 1139 3132 laterculo
1166 3107 1201 3132 a.
1219 3092 1297 3132 205
1321 3093 1367 3132 C.
1389 3093 1422 3131 Ι.
1444 3092 1494 3130 L.
1625 3105 1729 3131 vere.

486 3159 544 3197 VI
566 3160 686 3207 1056,
707 3160 746 3207 3,
767 3173 831 3199 uo.

382 3227 428 3274 Q.
448 3226 673 3265 Ger-manius
699 3228 835 3266 Valem
849 3228 1098 3267 Poetovione
1114 3226 1159 3267 C.
1175 3229 1209 3267 Ι.
1224 3228 1273 3266 L.
1290 3228 1355 3265 III
1371 3227 1493 3266 4067.

188 3309 193 3317 ·
229 3304 354 3334 Amvs
378 3293 429 3332 A.
456 3294 712 3333 Herculanius
738 3294 935 3334 Liberalis
969 3297 1074 3334 inter
1102 3296 1243 3346 vigiles
1273 3308 1308 3333 a.
1333 3295 1407 3333 191
1438 3294 1701 3334 Kellermann
1721 3295 1812 3346 vig.

491 3362 555 3410 10,
575 3374 608 3400 n
637 3361 747 3411 (inde
775 3362 941 3402 Henzen
962 3363 1101 3412 6753).

1490 3431 1544 3470 5.
