2222 3594
325 207 424 253 264
720 219 1129 255 OBSERVA‘rmNEs
1163 221 1529 256 EPIGRAPmoAE
1553 222 1692 257 xvm.

322 641 477 680 XVIII.
513 639 830 681 DEDICATIO
867 640 1057 680 FACTA
1093 640 1166 681 OB
1204 641 1526 681 VICTORIAM
1561 641 1637 680 DE
1667 641 2084 683 TACFARINATE.

324 800 499 885 Misit
549 846 644 884 mihi
688 859 739 884 ex
776 846 953 897 Trapani
1006 846 1153 897 oppido
1191 845 1349 885 Siciliae
1398 858 1529 884 comes
1569 846 1809 886 Franciscus
1847 847 2087 886 Hernandez

323 920 372 958 de
412 918 581 958 Carrera
622 920 780 957 titulum
829 921 897 969 qui
941 920 1119 969 sequitur
1165 920 1238 957 sub
1281 919 1319 956 A
1359 925 1556 970 repertum
1605 920 1655 957 ad
1697 919 1867 970 Erycem
1914 926 2086 959 montem

323 989 657 1038 adservatumque
705 988 820 1025 hodie
865 988 971 1025 domi
1018 999 1114 1025 suae
1163 994 1201 1025 et
1250 999 1274 1024 a
1321 1000 1363 1025 se
1411 988 1564 1026 curiose
1613 987 1871 1037 descriptum
1922 989 2089 1027 eundem

325 1058 566 1107 descriptum
611 1056 718 1093 dedit
761 1056 959 1094 Bardtius.
1017 1054 1192 1093 Litterae
1241 1056 1461 1093 carminum
1505 1055 1679 1094 minutae
1722 1061 1815 1094 sunt
1857 1061 1897 1094 et
1923 1070 2085 1107 pravae.

1186 1249 1235 1287 A.

699 1395 732 1445 s
754 1396 872 1445 ·V11
893 1435 903 1445 .
924 1397 1042 1446 VIR
1122 1385 1506 1476 ‘XXX

697 1489 747 1538 υ
773 1489 1157 1541 ,ERVCINAE
1180 1511 1190 1522 ·

685 1596 781 1624 SVLE
802 1597 955 1624 ·BELLA
1159 1595 1606 1627 FELICEMGLADIVM

677 1677 736 1704 *VS
751 1676 891 1705 HOSTIS
1139 1680 1291 1708 APRONI
1331 1689 1340 1697 ·
1379 1678 1583 1705 EFFiGffim·

1148 1760 1215 1787 fflc
1231 1759 1471 1787 ·1DEm·FV1T
1486 1769 1494 1776 ·
1510 1758 1594 1786 ch·
1608 1773 1618 1786 ι

1151 1844 1409 1872 ΡΚΑΕΤΕΧΤΑΕ
1430 1853 1438 1862 ·
1465 1844 1619 1872 Possm}

1140 1933 1359 1961 serremvm
1398 1934 1498 1962 Ρνεκ
1532 1936 1614 1963 HAN

1145 2017 1300 2046 CAESAR
1320 2018 1442 2054 qum
1468 2012 1614 2048 neuen!

1367 2104 1388 2130 L
1410 2115 1418 2122 ·
1440 2105 1620 2135 APRONIC

442 2456 609 2508 Apronii
642 2468 783 2494 nomen
827 2469 916 2495 cum
958 2458 1000 2495 in
1035 2470 1139 2495 novo
1168 2457 1388 2508 fragmento
1425 2458 1486 2495 bis
1522 2457 1694 2507 legatur,
1737 2456 1832 2494 item
1867 2454 2022 2494 tertium
2053 2452 2094 2492 in

334 2524 643 2572 Gualtheriano,
680 2531 886 2574 praeterea
913 2524 1029 2562 facile
1058 2526 1312 2575 intellegatur
1342 2525 1629 2563 dedicationem
1666 2525 1767 2562 hanc
1803 2522 1975 2562 oblatam
2005 2534 2094 2561 esse

332 2601 496 2645 propter
524 2593 793 2643 Aproniorum
823 2592 988 2631 duorum
1018 2594 1142 2643 patris
1172 2594 1323 2644 filiique
1351 2605 1524 2643 pugnam
1555 2605 1643 2630 cum
1673 2590 1877 2638 Gaetulis,·
1905 2591 1984 2629 iam
2013 2602 2092 2640 quo

332 2662 540 2712 pertineat,
571 2662 745 2711 explicat
779 2661 943 2699 Tacitus
975 2661 1090 2699 tertio
1121 2661 1254 2699 annali
1284 2660 1333 2710 (c.
1354 2660 1424 2710 21)
1455 2672 1645 2698 enarrans
1674 2660 1817 2698 bellum
1844 2672 1869 2696 a
1896 2657 1943 2696 L.
1965 2658 2095 2708 Apro-

333 2733 400 2768 nio
429 2730 665 2780 proconsule
700 2728 862 2767 Africae
899 2730 1118 2779 imperante
1155 2729 1315 2767 Tiberio
1353 2741 1388 2766 a.
1419 2741 1458 2778 p.
1490 2726 1583 2778 Chr.
1622 2726 1674 2764 20
1710 2732 1864 2778 gestum
1901 2727 2093 2764 adversus

333 2798 627 2836 Tacfarinatem
659 2797 796 2834 ducem
825 2796 1090 2835 Numidarum
1119 2796 1447 2835 Musulamiorum
1476 2801 1515 2834 et
1542 2795 1684 2833 finiens
1715 2796 1791 2832 sic:
1823 2794 2094 2845 (Tacfarinas)

327 2873 533 2917 postquam
555 2866 698 2915 deflex'it
715 2866 770 2902 ad
786 2867 993 2903 maritimos
1015 2865 1135 2912 locos,
1157 2865 1338 2915 inliqatus
1354 2864 1506 2914 praeda
1525 2865 1673 2901 stativis
1695 2864 1832 2901 castris
1852 2862 2094 2901 adhaerebat.

333 2935 460 2973 Missa
489 2937 618 2984 patris
656 2934 852 2983 Apronius
895 2932 1103 2972 Caesianus
1140 2946 1222 2972 cum
1259 2935 1379 2983 equite
1415 2938 1450 2970 et
1485 2933 1695 2970 cohortibus
1737 2931 1972 2978 auxiliariis,
2008 2927 2094 2980 quis

331 3003 585 3041 velocissimos
621 3002 806 3051 legionum
841 3002 1061 3047 addiderat,
1091 3014 1320 3052 prosperam
1354 3002 1552 3038 adversum
1589 3000 1780 3037 Numidas
1810 3011 1979 3049 puynam
1997 2999 2095 3048 fecit

329 3071 512 3120 pellitque
558 3073 598 3107 in
646 3071 804 3107 deserta.
862 3070 926 3107 Ita
961 3083 1050 3108 cum
1088 3075 1363 3120 argumentum
1408 3069 1623 3106 carminum
1663 3067 1960 3113 interviderem,
2006 3068 2096 3115 ipsa

334 3139 580 3177 Buechelero
623 3138 771 3176 tramisi
809 3149 977 3187 rogans,
1016 3146 1059 3175 ut
1105 3150 1241 3175 eorum
1287 3137 1617 3175 restituendorum
1671 3135 1888 3185 periculum
1934 3132 2092 3171 faceret.

336 3205 454 3254 Quod
488 3207 545 3244 ita
579 3206 757 3256 perfecit,
793 3214 836 3244 ut
871 3218 982 3255 spem
1017 3218 1134 3255 quam
1168 3205 1359 3243 habebam
1396 3210 1558 3243 eventus
1595 3203 1721 3255 ‚longe
1750 3195 1979 3252 *superaret3
2021 3212 2094 3238 nec

334 3275 577 3312 committere
606 3274 728 3321 volui,
757 3278 802 3311 ut
831 3285 987 3311 carmen
1017 3278 1179 3324 propter
1206 3286 1338 3311 rerum
1367 3272 1598 3312 memoriam
1633 3269 1888 3309 memorabile
1922 3281 1994 3307 nec
2021 3280 2094 3317 per

335 3353 377 3380 se
406 3341 668 3391 spernendum
702 3341 780 3379 iam
812 3342 967 3393 egregie
995 3347 1189 3379 resartum
1219 3340 1368 3379 diutius
1397 3341 1549 3378 lateret.
