2222 3594
727 279 928 314 cymam
949 279 1209 313 LESBIACA.
1577 254 1580 256 ’
1786 262 1846 307 19

52 382 60 388 ⁵
90 398 301 438 Niebuhrii
327 409 379 436 ex
406 397 492 435 eod.
522 396 610 434 Pal.
640 396 870 446 apographo
898 406 999 432 usus
1028 394 1089 432 ed.
1119 393 1283 432 Boeekh
1314 391 1359 431 C.
1380 393 1413 431 Ι.
1435 382 1556 430 2173.

198 467 250 506 In
276 459 461 505 Palatino
497 476 638 502 manus
673 464 871 502 recentior
896 463 1022 501 verba
1056 464 1194 516 Θερμια
1231 467 1270 499 et
1304 454 1450 498 εὖακόω
1485 465 1593 498 recta
1619 459 1767 496 lineola
1794 457 1851 496 di·

91 534 244 582 stinxit,
270 545 350 584 quo
376 545 456 571 non
485 538 565 571 tam
586 543 725 571 versus
755 531 868 570 aliter
896 531 1091 569 divideret
1119 542 1239 580 quam
1267 530 1456 567 maiorem
1480 526 1736 578 intellegendi
1757 526 1851 564 faei-

90 602 243 641 litatem
269 600 463 640 redderet.

198 663 316 710 Δι’τας
343 682 415 708 cur
441 669 539 707 mihi
568 675 795 720 suspectum
824 668 875 707 sit
902 667 1008 706 infra
1035 666 1164 704 dicam
1194 665 1246 703 ad
1273 678 1312 703 n.
1334 664 1493 703 XXVI.

85 865 228 905 -xxu,
284 865 437 904 Ibidem
465 864 563 904 Pav.
621 865 723 903 Item
751 864 802 903 ad
830 875 1093 903 marmoream
1122 862 1240 900 basin
1269 861 1383 899 iuxta
1410 860 1585 898 thermas
1616 859 1702 898 Pal.

798 997 969 1055 Ἀγά-θα
996 996 1110 1054 τύχα

201 1073 228 1112 ἆ
261 1067 393 1117 Βᾶλλα
425 1067 489 1111 καὶ
517 1071 535 1110 ὅ
565 1069 685 1115 δᾶμος
714 1073 721 1123 Ι
752 1067 970 1114 ἐνείματο-εν
997 1068 1088 1126 Αὖρ.
1120 1072 1127 1121 Ι
1156 1064 1453 1124 Ἀ[ρτ]εμι’ὃωξιον
1478 1060 1733 1124 Ἀρτεμιδώρου
1766 1068 1772 1118 Ι
1802 1067 1858 1105 τῶ

197 1137 372 1184 ‘Tutvm'w
407 1135 671 1193 βο[λ]λευἸτ-αν
707 1134 1102 1191 ἆγωνοὲετβῑἿταντα
1134 1139 1140 1189 Ι
1170 1132 1234 1175 καὶ
1268 1130 1730 1192 παν[α]γυριαξχῆσ·αντα
1761 1133 1767 1189 Ι
1798 1134 1856 1173 ἒν-

203 1203 329 1264 δᾶξως
355 1203 419 1248 καὶ
449 1204 698 1260 φιλΙοτείμως.

90 1350 155 1389 Ex
182 1349 392 1390 Niebuhrii
421 1349 653 1401 apographo
682 1350 743 1387 ed.
773 1349 935 1387 Boeckh
965 1347 1013 1387 C.
1034 1349 1066 1386 I.
1090 1347 1210 1386 2190.
1260 1347 1307 1385 In
1337 1347 1424 1385 cod.
1455 1346 1542 1384 Pal.
1573 1346 1767 1384 omissum
1796 1350 1857 1384 est

91 1412 240 1469 ‹3deoe
275 1411 408 1469 τύχα,
446 1418 517 1456 sed
550 1417 674 1455 invito
708 1417 890 1463 librario,
928 1417 997 1466 qui
1031 1416 1188 1454 titulum
1225 1415 1461 1453 minusculis
1497 1415 1639 1452 iterum
1680 1414 1857 1452 scribens

29 1529 38 1533 -
91 1485 302 1524 formulam
332 1485 494 1524 addidit.
515 1507 570 1514 -·
596 1480 858 1540 Ἀρτεμίδωρον
886 1490 992 1522 recte
1018 1484 1103 1522 cod.
1124 1484 1212 1522 Pal.
1257 1483 1519 1521 Difficultatis
1540 1482 1691 1532 aliquid
1711 1481 1858 1519 habent

0 2674 19 2784 -ησκορ-υι
0 2656 5 2663 “
0 2638 5 2643 .
0 2596 11 2628 vra
0 2579 10 2582 ὲ
0 2541 13 2567 ηπ
3 2512 7 2520 Ἀ
9 2455 11 2457 .
0 2431 10 2435 r
0 2379 3 2382 v
0 2354 2 2356 ⁴

8 3556 34 3594 21³„
0 3520 33 3545 ι’-
0 3496 34 3510 <··÷
0 3184 41 3480 &ara-*ewowwv
0 3160 6 3173 ·
7 3127 16 3151 ·
0 3095 3 3098 ·
0 3060 5 3063 ’

93 1566 196 1605 quae
231 1553 441 1592 traduntur
470 1547 709 1607 Ἀρεμίδωρον
742 1555 776 1589 Β
810 1554 1231 1590 ΤΟΥΤΩΥΜΕΝΑΙΩ.
1291 1550 1404 1599 Quae
1440 1551 1518 1588 nisi
1554 1550 1655 1588 forte
1693 1550 1856 1600 gravius

94 1627 282 1672 corrupta
311 1621 403 1667 sint,
431 1633 566 1658 verum
588 1620 736 1659 vidisse
755 1620 1001 1658 Boeckhium
1030 1626 1179 1670 putem,
1209 1620 1277 1669 qui
1307 1619 1375 1656 τοῦ
1403 1618 1560 1657 delevit.
1610 1616 1674 1656 Cf.
1701 1617 1858 1656 titulum

93 1688 396 1739 Philadelphiae
425 1689 531 1739 apud
558 1687 690 1727 Lebas
717 1689 781 1727 III
802 1689 900 1727 649:
941 1691 992 1725 Μ.
1022 1685 1111 1743 Adi).
1142 1680 1324 1742 A10'3w320v
1350 1689 1393 1724 θ.
1423 1687 1495 1723 τοῦ
1519 1679 1707 1731 Ἀδμήτου
1738 1678 1859 1740 ἄνδρα

94 1749 322 1801 βουλευτήν.
379 1754 604 1807 scripserat
638 1757 785 1806 aliquis
814 1757 902 1800 τοῦ,
939 1762 1030 1806 post
1057 1755 1257 1794 intellecto
1287 1767 1420 1794 errore
1450 1754 1657 1793 subiunxit
1684 1754 1757 1798 τῶ,
1792 1753 1859 1791 de·

93 1824 177 1865 lere
210 1823 358 1864 oblitus
393 1824 584 1862 vitiosum
619 1825 705 1868 roc,
741 1837 930 1875 errorque
964 1823 1055 1862 binc
1093 1825 1132 1862 in
1168 1823 1247 1862 duo
1282 1835 1383 1874 quae
1417 1830 1597 1862 tenemus
1627 1822 1860 1873 apographa

93 1898 351 1945 propagatus.

93 2084 259 2125 xxm.
316 2084 481 2124 Ibidem.

201 2224 250 2264 ‘A
267 2219 400 2268 βόλλα
426 2218 491 2262 καὶ
519 2221 537 2262 ὅ
569 2220 688 2267 δᾶμος
706 2219 942 2279 Κορνηλιάῡι]
963 2218 1252 2274 Κεθ[ἧ]εγιλ>,αν
1280 2221 1386 2274 τ[ιὲ]ν
1415 2217 1600 2279 εὗεργέτιν
1628 2224 1700 2263 τοῖς
1718 2216 1859 2267 πόλιος,

204 2286 411 2348 θυγατέρα
430 2286 572 2347 Μάρκω
592 2287 726 2334 Γαβῖω
757 2321 931 2331 .......
961 2295 991 2329 Γ
993 2286 1184 2329 (ἀλικάνω
1214 2286 1380 2330 ὗπατῖκω
1410 2285 1471 2329 καὶ
1492 2286 1687 2337 Πομπηίας
1702 2288 1859 2345 Ἀγριπ-

204 2356 424 2412 πινῖὶλ[α]ς,
452 2354 685 2399 παιδᾶπαιδα
714 2352 754 2397 δὲ
774 2353 914 2414 Μάρκιε)
936 2355 1111 2405 Πομπηῖω
1131 2354 1305 2415 Μακρῖνω
1327 2353 1630 2410 Θεε[φ]αἰ’ν[ου],
1658 2359 1731 2396 τῶν
1760 2355 1862 2414 εὔερ-

206 2430 325 2479 γετᾶν
353 2422 416 2466 καὶ
444 2429 604 2466 κτιστίῖν
630 2428 702 2468 τᾶς
730 2421 872 2468 πόλιος.

95 2569 258 2608 Leviter
297 2578 483 2619 corrupta
524 2569 751 2616 emendavi,
797 2573 1062 2606 correcturam
1103 2561 1325 2617 Θεοφάννου
1362 2568 1466 2607 infra
1502 2567 1759 2617 probaturum
1797 2579 1860 2605 me

66 2636 69 2639 ’
98 2649 227 2686 spero.
284 2632 492 2677 παιδόπαις
525 2649 671 2675 novum
700 2636 936 2674 vocabulum
973 2641 1054 2683 est,
1092 2642 1197 2674 recte
1233 2641 1365 2674 tamen
1394 2636 1605 2674 formatum
1636 2641 1676 2674 et
1704 2642 1860 2673 senten-

98 2705 179 2743 tiae
206 2705 472 2755 aptissimum.

210 2771 395 2812 Cornelia
424 2771 645 2823 Cethegilla
679 2772 855 2810 familiae
889 2785 969 2810 non
1004 2777 1086 2810 tam
1121 2784 1264 2822 genere
1300 2784 1419 2821 quam
1454 2772 1561 2809 fama
1588 2771 1861 2809 nobilissimae

99 2839 255 2878 videtur
282 2841 415 2890 proles
445 2852 547 2879 esse.
606 2840 811 2891 Originem
846 2840 949 2878 enim
979 2840 1122 2889 opinor
1150 2853 1174 2878 a
1201 2839 1448 2890 Theophane
1477 2839 1721 2889 Mytilenaeo
1750 2850 1860 2888 repe-

98 2907 175 2954 tiit,
203 2907 342 2958 Magni
361 2908 527 2959 Pompei
555 2909 683 2946 amico
712 2921 922 2958 rerumque
951 2907 1036 2945 eius
1065 2907 1172 2945 haud
1196 2908 1349 2945 sincero
1370 2916 1609 2945 enarratore.
1648 2908 1688 2944 A
1707 2906 1862 2945 fautore

100 2985 174 3012 suo
201 2975 358 3013 civitate
376 2975 559 3014 Romana
586 2976 754 3014 donatus
783 2976 983 3025 quodnam
1012 2988 1155 3013 nomen
1184 2975 1448 3025 adsumpserit
1478 2975 1512 3012 si
1532 2974 1771 3024 quaerimus,
1800 2986 1861 3012 re-

101 3041 297 3090 spondere
326 3043 480 3082 videtur
507 3043 631 3081 Iulius
662 3042 911 3092 Capitolinus
946 3043 1015 3080 vit.
1047 3043 1153 3080 Max.
1184 3049 1223 3080 et
1252 3042 1365 3080 Balb.
1401 3054 1432 3079 c.
1457 3041 1500 3078 7:
1535 3038 1723 3080 ‘familiae
1750 3047 1862 3080 vetu-

102 3108 301 3146 stissimae
336 3114 380 3147 ut
408 3111 493 3160 ipse
523 3111 680 3148 dicebat
708 3110 938 3159 (Balbinus)
968 3123 991 3147 a
1019 3110 1148 3148 Balbo
1179 3109 1366 3148 Cornelio
1397 3108 1643 3158 Theophane
1670 3109 1863 3159 originem

101 3175 262 3224 ducens,
298 3177 367 3226 qui
395 3189 466 3226 per
496 3176 568 3215 Cn.
598 3177 832 3228 Pompeium
865 3177 1064 3215 civitatem
1092 3184 1300 3223 meruerat,
1330 3189 1419 3214 cum
1450 3183 1557 3214 esset
1585 3189 1682 3214 suae
1708 3177 1862 3227 patriae

101 3243 374 3282 nobilissimus
408 3243 592 3294 idemque
630 3245 822 3282 historiae
860 3242 1052 3294 scriptor.'
1110 3243 1360 3294 Capitolinus
1398 3250 1467 3281 aut
1499 3244 1588 3293 ipse
1622 3256 1724 3294 quae
1752 3257 1862 3283 acce-

101 3318 215 3361 perat
248 3311 500 3363 neglegenter
536 3311 690 3349 rettulit
723 3318 792 3349 aut
827 3312 987 3349 omnino
1021 3317 1114 3349 tunc
1148 3312 1339 3360 temporis
1368 3324 1464 3349 vera
1490 3312 1548 3350 rei
1576 3312 1767 3351 memoria
1793 3313 1861 3350 ob-

1535 3377 1591 3417 2.
