2222 3594
391 230 415 274 1
424 229 485 275 86
1149 241 1386 276 conssrn:

393 355 421 394 7
426 355 469 394 6.
525 355 686 394 Tabula
713 367 936 394 marmorea
968 355 1096 394 fracta
1130 356 1273 394 litteris
1308 355 1464 395 Latinis
1494 359 1688 407 inscripta
1715 357 1918 396 deficiente
1954 360 2156 408 superiore

446 424 531 462 eius
559 431 690 474 paute,
735 424 896 462 inventa
938 426 979 462 in
1018 423 1115 475 agr'o
1150 424 1350 462 Frentano
1389 438 1413 463 a
1450 425 1630 464 Vincenzo
1666 425 1835 463 Riualdo
1873 437 1997 476 prope
2034 425 2156 465 Casa·
2190 416 2197 477 J

445 491 618 538 calenda,
647 499 733 530 tum
762 492 869 542 apud
898 491 1031 530 Ambr.
1065 492 1233 540 Caraba,
1263 505 1366 531 nunc
1401 495 1441 530 in
1470 505 1608 531 museo
1637 492 1924 543 Neapolitano:
2161 482 2164 486 ⁴
2190 483 2192 485 ⁴

699 620 710 630 .
737 590 816 628 NB
845 621 856 630 .
879 620 890 630 .
912 583 973 640 (ἲ)

472 694 604 734 IACE
634 694 948 734 AMANAFED
979 695 1059 758 ESl
1079 694 1187 745 [dum
1595 696 1660 733 hic
1687 696 1864 746 perfecit,
1893 697 1995 735 idem

686 787 978 827 PROFATED
1691 789 1886 839 probavit.

504 904 631 942 Tituli
671 905 943 956 apographum
978 905 1088 943 misit
1120 903 1169 942 R.
1205 902 1404 951 Schoene',
1448 917 1500 942 ex
1536 917 1616 954 quo
1652 913 1838 955 apparet,
1874 906 1960 944 eius
1988 893 2183 956 primum,>

393 985 552 1011 versum
581 973 706 1011 fracto
734 972 866 1022 lapide
894 973 952 1011 ita
976 973 1199 1011 mutilatum
1228 985 1275 1009 ac
1300 985 1427 1022 paene
1447 972 1618 1010 deletum
1639 985 1739 1020 esse,
1769 980 1813 1011 ut
1830 980 1982 1012 tantum
2001 973 2160 1012 infimae

393 1041 613 1091 particulae
642 1041 761 1079 trium
790 1041 856 1079 vel
884 1048 1072 1091 quattuor
1098 1041 1317 1078 litterarum
1345 1047 1504 1087 restent,
1536 1054 1703 1091 quarum
1731 1041 1842 1079 nulla
1871 1041 2001 1092 qualis
2029 1041 2161 1088 fuerit,
2194 1041 2206 1079 ζ,

393 1123 467 1160 pro
497 1117 603 1148 certo
633 1109 824 1147 affirmari
851 1115 995 1160 potest.
1052 1109 1107 1147 Et
1135 1112 1193 1147 sic
1222 1121 1294 1159 ego
1323 1109 1411 1158 ipse
1441 1109 1522 1147 vidi
1540 1109 1716 1153 tabulam
1746 1109 1796 1147 ad
1817 1110 2007 1160 parietem
2034 1108 2162 1148 musei
2186 1147 2191 1150 ,

391 1177 648 1228 Neapolitani
687 1178 880 1225 adfixam,
931 1178 1064 1227 ibique
1104 1177 1252 1215 frustra
1293 1189 1345 1214 ex
1392 1177 1584 1228 relliquiis
1625 1178 1744 1228 primi
1787 1189 1927 1216 versus
1969 1178 2162 1217 vocabula
2182 1191 2193 1230 ³¹.

395 1245 504 1284 Osca
541 1246 750 1284 restituere
794 1253 959 1283 conatus
1006 1258 1106 1283 sum.
1178 1245 1356 1283 Titulum
1402 1243 1595 1284 Garrucci
1638 1246 1810 1296 primum
1849 1245 2068 1296 publicavit
2109 1258 2161 1284 ex
2187 1239 2194 1270 i

395 1314 629 1366 apographo
679 1315 727 1352 A.
775 1312 955 1352 Carabae
1004 1314 1110 1352 hunc
1153 1314 1195 1351 in
1238 1313 1410 1360 modum,
1489 1313 1649 1352 Memor.
1690 1314 1823 1352 Ercol.
1869 1315 2016 1353 d'arch.
2071 1313 2162 1362 VII,
2183 1304 2192 1333 ³¹

395 1383 574 1433 Append.
599 1395 643 1432 p.
674 1382 744 1420 26:
794 1382 848 1420 N.
879 1382 998 1420 Bairi
1027 1382 1080 1420 N.
1111 1395 1159 1420 m.
1190 1389 1214 1420 t.
1245 1394 1276 1420 ε.
1307 1389 1331 1420 t.
1362 1395 1473 1420 aram
1498 1380 1504 1434 Ι
1528 1385 1610 1420 iace
1639 1383 1846 1431 amanased
1872 1383 2016 1421 esidum
2040 1374 2189 1432 {pru-

386 1452 511 1500 fated.
583 1450 632 1488 In
667 1451 805 1488 eodem
848 1456 960 1497 textu
1004 1453 1196 1508 scriptum
1238 1450 1358 1488 habet
1394 1452 1578 1500 profated
1625 1449 1808 1489 Guarini.
1884 1451 1964 1489 Iter
2012 1438 2186 1500 vagum„¹¹

397 1519 556 1557 Mansio
596 1519 711 1566 VIII,
741 1519 889 1568 Napoli
917 1519 1098 1568 1851,.p.
1127 1518 1172 1565 9,
1214 1531 1264 1556 ex
1294 1518 1404 1556 cuius
1435 1518 1555 1565 libi-0,
1594 1531 1711 1568 quem
1739 1518 1828 1569 ipse
1855 1518 2055 1569 inspicere
2083 1503 2185 1556 non.
2212 1540 2214 1542 v

400 1588 526 1639 potui,
573 1585 623 1626 G.
662 1587 710 1625 de
743 1580 866 1624 Petra
902 1587 1001 1624 haec
1029 1587 1127 1625 mihi
1155 1588 1277 1625 verba
1304 1587 1511 1637 rescripsit
1554 1586 1602 1625 de
1637 1588 1715 1626 hoc
1743 1587 1858 1626 titulo
1888 1587 2004 1635 dicta,
2043 1599 2088 1637 p.
2117 1571 2185 1634 9(
2213 1587 2216 1590 ⁴

397 1656 474 1704 „In
508 1655 654 1706 oppido
694 1655 976 1694 Casacalendae
1017 1667 1141 1704 prope
1177 1654 1370 1692 Larinum
1408 1655 1682 1694 &ememor-um
1719 1655 1768 1694 ab
1803 1669 1866 1694 an.
1897 1667 2024 1706 usque
2057 1640 2189 1693 1844?

399 1724 608 1771 detectum,
638 1723 814 1774 mihique
841 1724 1034 1762 hactenus
1071 1735 1224 1761 summo
1262 1723 1395 1762 studio
1431 1724 1696 1762 occultatum.'
1741 1722 1865 1763 Suum
1900 1723 2042 1762 deinde
2070 1689 2220 1761 fecit}

398 1793 623 1831 Ambrosius
669 1791 821 1830 Caraba
863 1804 926 1829 an.
961 1791 1080 1839 1847,
1125 1792 1287 1842 eiusque
1317 1792 1562 1842 exemplaria
1608 1793 1721 1830 varia
1755 1796 1838 1830 tum
1873 1792 2043 1830 Romam
2077 1802 2169 1831 cum
2187 1788 2196 1801 ⁴

399 1860 615 1911 Neapolim
642 1860 919 1898 transmissa.“
977 1860 1075 1898 Inde
1104 1860 1358 1911 intellegitur,
1388 1860 1506 1898 etiam
1534 1861 1638 1898 hunc
1666 1860 1793 1898 virum
1824 1860 1982 1899 doctum
2010 1854 2176 1898 nonni'

400 1942 452 1967 ex
480 1928 713 1980 apographo
744 1927 925 1967 Carabae
951 1928 1112 1966 novisse
1140 1929 1311 1967 titulum.
1369 1929 1520 1967 Postea
1540 1927 1734 1967 Garrucci
1763 1929 1814 1966 ab
1845 1928 1982 1967 eodem
2010 1929 2181 1974 auctore

400 1997 500 2035 alias
528 1997 720 2035 lectiones
750 1996 914 2047 protulit
942 2004 1062 2046 atque
1092 2002 1221 2035 antea.
1278 1997 1387 2034 Bull.
1419 1998 1523 2035 arch.
1551 1996 1657 2046 Nap.
1686 2010 1747 2035 nv.
1778 2009 1809 2035 s.
1838 1997 1875 2044 I,
1901 2010 1943 2047 p.
1966 1997 2032 2043 83,
2060 1995 2192 2034 v8.1‘

399 2066 457 2104 Ni
484 2065 602 2104 Bairi
630 2064 699 2112 H„
728 2077 783 2103 vs.
813 2065 858 2103 3:
896 2066 1102 2115 profated5
1143 2065 1235 2103 inde
1264 2065 1430 2113 Henzen,
1475 2065 1583 2103 Ball.
1613 2066 1649 2102 d.
1680 2065 1777 2104 Inst.
1807 2079 1844 2104 a.
1873 2064 2000 2112 1852,
2033 2077 2074 2114 p.
2105 2058 2187 2112 91?

400 2134 468 2172 ubi
508 2134 655 2184 legitur
697 2145 751 2170 vs.
785 2132 833 2170 2.-
879 2133 990 2180 κασᾶ,
1025 2133 1199 2172 Fabrettz
1244 2133 1285 2172 G.
1316 2134 1352 2171 I.
1382 2134 1432 2172 It.
1462 2146 1500 2171 π.
1530 2133 1642 2172 2871.
1700 2133 1881 2181 Enderis,
1927 2133 1973 2172 F.
2003 2132 2040 2170 d.
2073 2127 2185 2184 om}

401 2202 493 2252 Spr.
523 2215 558 2239 n.
589 2201 755 2238 XXIX.
814 2201 1034 2251 Postquam
1063 2202 1166 2252 lapis
1196 2214 1300 2239 anno
1334 2200 1438 2239 1862
1469 2214 1493 2238 a
1522 2199 1680 2239 Caraba
1709 2201 1890 2240 venditus
1916 2201 1959 2239 in
1987 2173 2184 2259 museum&

400 2269 715 2320 Neapolitanum
743 2269 881 2307 illatus
911 2277 985 2317 est,
1014 2282 1130 2308 nemo
1159 2270 1260 2308 vidit
1287 2271 1462 2320 integras
1484 2270 1603 2318 primi
1631 2281 1772 2308 versus
1791 2269 1958 2317 litteras,
1976 2265 2087 2318 ‘quas
2117 2259 2184 2324 exj,>
2210 2292 2212 2294 -

405 2338 515 2376 illius
546 2337 778 2389 apographo
808 2337 974 2386 protulit
996 2336 1201 2386 Garrucci,
1233 2338 1303 2376 scd
1331 2338 1501 2388 primum
1523 2336 1700 2376 Schoene
1729 2337 1828 2375 nihil
1856 2337 1934 2375 nisi
1961 2332 2179 2386 relliqum“
2208 2335 2211 2342 ⁰

403 2406 488 2444 eius
534 2418 659 2456 paene
702 2406 892 2443 evanidas
929 2406 1122 2456 repperit,
1166 2413 1249 2443 tum
1286 2406 1442 2443 demum
1481 2405 1647 2443 Fiorelli
1689 2418 1740 2443 ex
1777 2405 1834 2444 eis
1881 2403 2173 2458 restituendum

401 2474 557 2525 putavit
584 2474 736 2511 litteras
767 2480 954 2523 quattuor
981 2476 1022 2511 πῖ
1044 2503 1052 2511 .
1076 2475 1150 2520 ba„
1195 2480 1234 2511 et
1263 2474 1445 2512 cancellis
1474 2474 1648 2512 inclusas
1678 2473 1827 2511 addidit
1855 2478 2064 2522 sequentes
2093 2466 2173 2527 Gai
2199 2487 2209 2522 g

403 2543 523 2580 rabae
552 2542 718 2588 litteras,
765 2542 885 2580 Catal.
921 2555 1015 2579 mus.
1051 2542 1155 2591 Nap.
1191 2543 1312 2581 Raoc.
1340 2544 1458 2591 epiqr.
1489 2555 1524 2579 η.
1555 2541 1647 2579 134.
1706 2541 1794 2579 Has
1824 2546 1955 2579 autem
1989 2551 2063 2591 ego
2090 2539 2173 2576 iam
2203 2552 2206 2554 ·

402 2615 520 2649 antea
562 2611 604 2647 in
648 2610 915 2659 suspicionem
946 2610 1149 2648 vocandas
1185 2610 1423 2656 existimavi,
1468 2609 1572 2659 quod
1601 2609 1774 2647 formula
1801 2607 1963 2658 m(edix)
1993 2602 2209 2666 t(uticm12«

404 2678 603 2727 s(enatez's)
651 2677 874 2727 t(an9inud)
922 2677 963 2715 in
1011 2678 1122 2715 nullo
1171 2678 1250 2715 alio
1297 2678 1458 2727 linguae
1495 2677 1626 2715 Oscae
1667 2684 1921 2715 monumento
1961 2675 2025 2714 his
2066 2673 2203 2725 notiflj

405 2747 553 2797 scripta
580 2745 820 2795 reperiatur,
859 2751 898 2782 et
932 2752 1024 2795 post
1060 2759 1147 2783 eam
1182 2739 1418 2783 vocabulum
1457 2757 1567 2781 aram
1602 2757 1682 2782 non
1718 2744 1867 2783 Oscum
1904 2744 1956 2782 sit
1992 2742 2064 2782 sed
2090 2732 2198 2791 Βοὲς,

405 2815 530 2852 tinum
560 2813 625 2862 (Z.
646 2815 683 2863 f.
713 2813 829 2862 verql.
869 2812 960 2862 Spr.
991 2813 1071 2860 XI,
1111 2814 1200 2859 427,
1236 2813 1345 2862 not.)
1405 2812 1481 2850 His
1519 2812 1701 2850 omnibus
1738 2813 1858 2862 igitur
1892 2810 2100 2862 perpensis
2127 2800 2197 2862 iij

406 2895 493 2921 eam
523 2894 585 2919 me
616 2881 852 2919 sententiam
883 2880 1093 2919 deductum
1123 2881 1253 2928 video,
1282 2888 1326 2918 ut
1355 2880 1523 2929 primum
1547 2892 1704 2918 versum
1723 2880 1995 2930 inscriptionis
2024 2878 2073 2916 de
2091 2871 2161 2938 qu„⁴
2185 2855 2205 2937 {i

406 2953 537 3002 agitur
572 2963 597 2987 a
621 2948 790 2988 —Oaraba
818 2961 898 2987 non
927 2949 997 2996 ita,
1035 2955 1078 2987 ut
1107 2949 1277 2999 scripsit,
1315 2948 1510 2998 integrum
1538 2949 1579 2986 in
1608 2948 1745 2986 tabula
1773 2948 1902 2986 oculis
1927 2947 2056 2985 visum
2084 2870 2199 3015 ess}

406 3018 556 3065 dicam,
606 3017 677 3055 sed
711 3017 925 3054 maximam
961 3025 1114 3066 partem
1150 3029 1203 3054 ex
1238 3016 1368 3066 ipsius
1397 3016 1556 3066 ingenio
1587 3016 1761 3053 additum
1798 3015 1849 3053 ad
1877 3011 2107 3064 inscription
2153 3003 2203 3071 ἒ-

408 3085 671 3136 supplendam
702 3092 741 3123 et
769 3085 1062 3123 restituendam.
1122 3084 1306 3134 Denique
1326 3084 1615 3122 observandum
1637 3089 1710 3129 est,
1740 3083 1857 3120 etiam
1885 3082 2038 3133 integra
2055 3079 2123 3118 hui
2146 3078 2153 3087 ⁴
2183 3087 2197 3118 ³?

407 3154 680 3203 inscriptionis
710 3153 832 3191 verba
860 3153 1040 3191 recedere
1069 3165 1148 3190 non
1169 3152 1297 3190 solum
1328 3165 1352 3189 a
1382 3152 1579 3190 scribendi
1600 3163 1721 3197 more,
1751 3150 1820 3188 sed
1840 3150 1956 3188 etiam
1985 3161 2010 3186 a
2035 3149 2097 3186 for
2126 3138 2198 3205 ‘Jss'

408 3222 691 3260 vocabulorum
730 3222 889 3271 linguae
927 3221 1068 3260 Oscae.
1127 3219 1310 3270 Namque
1345 3233 1418 3269 pro
1448 3219 1699 3267 aamanaffed,
1735 3218 1927 3256 habemus
1957 3206 2193 3272 amanasQ2,

409 3301 481 3340 pro
518 3290 951 3339 prz'tfattedtprosated,
998 3289 1093 3339 quin
1135 3288 1255 3326 etiam
1298 3300 1370 3338 pro
1408 3287 1517 3326 Osca
1550 3286 1796 3337 pronominis
1832 3285 1961 3323 forma
1997 3282 2083 3322 nra-k
2111 3275 2194 3326 vl?

408 3360 490 3396 ia-c
518 3357 693 3396 eiusdem
724 3357 881 3408 generis
911 3362 955 3394 ut
983 3357 1077 3403 ίο-Ῐε,
1108 3358 1196 3404 io-c,
1235 3358 1351 3403 ion-c,
1382 3355 1496 3402 elci-k,
1527 3354 1654 3401 eka-k,
1686 3352 1834 3400 elesa-Ic,
1873 3350 2020 3400 elesa-k,
2050 3327 2190 3417 exa-2¹}
