2222 3594
408 191 472 236 50

404 454 668 494 VERSICVLA-

498 522 578 549 st

390 978 658 1039 'VERVLANVS

395 1821 692 1862 VESICVLANVS

390 2574 618 2613 VESTANVS

386 2847 591 2887 menvs

386 3120 602 3158 VICRANVS

1199 204 1399 245 HffiBNER

739 320 983 370 Venafranus
1006 323 1198 374 Dioyenes
1227 326 1392 366 Venafri
1422 328 1456 366 I.
1478 327 1530 366 N.
1553 329 1673 367 4611.
1722 327 1862 367 Lectio
1891 340 1942 366 ex
1972 333 2084 378 parte
2113 329 2171 367 in-

844 395 964 428 certa.

742 456 940 496 Versicula
960 459 1030 510 Sp.
1043 461 1080 509 s.
1103 460 1222 511 Ayele
1242 463 1315 501 sibi
1334 471 1368 502 et
1391 463 1660 503 Versiculanae
1675 464 1841 514 Daphne
1858 466 1972 502 matri
1990 475 2082 502 suae
2100 469 2173 504 cet.
2216 502 2218 506 ,

845 525 1006 577 Capuae
1042 528 1076 565 I.
1104 528 1156 566 N.
1185 530 1293 569 3854
1332 531 1408 581 (ex
1443 531 1576 582 Pighii
1614 531 1815 583 schedis);
1854 531 2050 587 erravisse
2077 539 2173 582 puto

843 595 1139 645 quadratarium
1178 598 1372 648 (Pighius
1411 600 1514 638 enim
1555 600 1781 639 describere
1820 600 1922 638 solet
1958 599 2171 650 accurate),

842 677 933 702 nam
961 665 1068 703 filiae
1087 665 1384 714 Versiculanae,
1414 681 1494 706 non
1514 667 1762 717 Versiculae,
1791 680 1934 707 nomen
1962 667 2102 716 fuisse,
2130 674 2174 706 ut

840 732 970 779 matri,
1001 738 1308 773 consentaneum
1340 740 1409 774 est.
2184 780 2193 788 ¹

732 796 794 836 Cf.
826 798 882 837 M
914 800 1172 840 Versa-lanius
1196 801 1354 849 Lucrio,
1384 806 1475 842 vivit
1501 804 1542 842 in
1572 804 1719 842 tabella
1748 816 1799 842 ex
1828 803 2070 843 columbario
2098 804 2169 842 ali-

728 878 807 916 quo
845 869 996 907 urbano
1033 869 1214 909 Fabretti
1249 872 1274 909 4
1304 871 1447 910 XXVI
1483 877 1521 910 et
1557 872 1692 910 Maffei
1720 872 1775 911 M.
1798 872 1848 911 V.
1877 871 1976 919 270,
2007 871 2070 910 10.
2128 872 2170 910 Is

737 935 978 975 Versicianus
1007 937 1127 986 dedit,
1159 939 1261 977 male
1291 944 1388 989 puto
1407 951 1480 990 pro
1510 940 1750 979 Versiclanus
1770 944 1840 978 aut
1867 940 2141 979 Versiclanius.

731 1002 781 1040 L.
813 1004 1024 1043 Verulanus
1045 1006 1209 1045 Severus
1240 1008 1379 1045 consul
1409 1008 1483 1046 sub
1503 1007 1665 1047 Nerone
1695 1013 1811 1047 notus
1842 1021 1894 1047 ex
1914 1007 2055 1046 Tacito
2078 1020 2167 1046 ann.

841 1073 905 1120 14,
928 1072 978 1112 26
1009 1087 1098 1112 cum
1127 1074 1382 1113 adnotatione
1411 1075 1656 1126 Nipperdeii.

740 1140 933 1179 Verulana
967 1141 1136 1181 Gratilla
1171 1143 1277 1193 apud
1307 1143 1491 1181 Tacitum
1525 1145 1616 1182 hist.
1646 1144 1690 1192 3,
1719 1144 1782 1182 69.
1843 1143 1903 1183 Cf.
1935 1143 2168 1183 Mommseni

837 1209 960 1248 index
989 1210 1198 1249 Plinianus
1228 1224 1264 1261 p.
1288 1211 1381 1249 412.

726 1276 782 1315 M.
813 1277 975 1316 Helvius
1005 1278 1062 1316 M.
1083 1280 1120 1327 f.
1151 1278 1395 1329 Pom(ptina)
1430 1280 1569 1319 Clarus
1598 1280 1809 1319 Verulanus
1839 1280 1997 1318 Priscus
2026 1279 2166 1319 aedilis

834 1345 1043 1385 Potentiae
1071 1347 1111 1384 in
1142 1345 1321 1385 Lucania
1349 1347 1381 1385 Ι.
1403 1346 1455 1385 N.
1480 1348 1572 1386 376.

724 1413 773 1450 L.
805 1413 1015 1453 Verulanus
1045 1414 1271 1465 Ayathopus
1300 1415 1454 1454 Romae
1483 1415 1661 1454 Fabretti
1685 1415 1775 1462 166,
1798 1415 1875 1454 302
1906 1414 1978 1466 (ex
2008 1396 2166 1455 schedis

833 1482 1084 1530 Barberinis3
1117 1483 1187 1520 sed
1216 1483 1357 1521 titulus
1387 1484 1472 1522 sine
1502 1484 1622 1534 dubio
1651 1484 1875 1534 genuinus).

723 1549 773 1587 L.
804 1550 1018 1590 Verulanus
1052 1551 1273 1601 Ampliatus
1305 1550 1463 1591 Salonis
1493 1550 1540 1590 C.
1561 1552 1594 1590 Ι.
1615 1552 1682 1590 III
1703 1551 1823 1591 2591.

732 1618 924 1657 Verulana
959 1619 1008 1658 L.
1052 1619 1077 1656 l.
1115 1618 1226 1658 Antis
1257 1619 1367 1670 (sic)
1408 1621 1627 1659 Aeserniae
1666 1619 1797 1659 annal.
1836 1621 1929 1659 inst.
1966 1620 2163 1659 archaeol.

833 1701 868 1725 a.
893 1688 998 1726 1854
1027 1701 1065 1738 p.
1090 1687 1154 1736 21,
1178 1687 1215 1726 6.

721 1756 895 1794 Verulae
915 1756 1151 1795 Volscorum
1180 1763 1298 1795 notae
1327 1769 1376 1795 ex
1408 1755 1523 1794 Livio
1545 1757 1583 1804 9,
1605 1755 1657 1794 42
1687 1747 1737 1794 et·
1754 1756 1926 1795 aliunde.
2219 1806 2222 1807 ⁷

723 1824 781 1862 M.
821 1825 1065 1863 Vesiculanus
1106 1824 1226 1874 V(ibii
1268 1847 1318 1852 --
1356 1825 1412 1862 ita
1450 1825 1554 1862 enim
1593 1825 1825 1863 solvendum
1862 1823 2011 1863 Oscum
2048 1838 2161 1876 prae-
2219 1824 2222 1859 ἶ

831 1893 994 1942 nomen)
1015 1894 1071 1942 f.,
1108 1893 1194 1930 trib.
1219 1893 1340 1942 pleb„
1369 1893 1479 1930 IIvir
1503 1892 1622 1942 i(ure)
1652 1891 1876 1943 d(icundo)‚
1905 1891 2161 1973 praestemus)

830 1961 940 1999 rebus
971 1962 1110 1999 divinis
1140 1967 1179 1999 et
1207 1961 1314 1999 filius
1343 1961 1427 1999 eius

724 2028 793 2067 Cn.
825 2029 1072 2068 Vesieulanus
1101 2029 1158 2067 M
1181 2030 1219 2078 f.
1249 2029 1291 2066 in
1320 2028 1459 2067 Teano
1490 2027 1666 2068 Sidicino
1695 2028 1726 2066 I.
1747 2027 1799 2067 N.
1821 2027 1942 2067 3998.
2000 2028 2160 2067 Titulus

829 2098 917 2136 aevi
946 2095 1103 2135 videtur
1132 2109 1222 2135 esse
1250 2097 1436 2147 Augusti.

718 2163 951 2216 Comparari
989 2170 1158 2215 possunt
1187 2164 1336 2203 Vescia
1372 2164 1561 2215 oppidum
1593 2168 1788 2202 vetustum
1818 2170 1960 2214 postea
1986 2164 2157 2204 dirutum
2220 2201 2222 2216 ,ἲ

717 2246 841 2284 prope
863 2233 1051 2274 Suessam
1082 2233 1243 2284 (Livius
1265 2233 1303 2280 8,
1328 2233 1374 2270 11
1400 2233 1506 2282 cet.),
1537 2232 1643 2282 quod
1672 2233 1917 2283 comparavit
1940 2245 2028 2271 cum
2042 2232 2160 2271 Vesi-
2220 2246 2222 2260 2

718 2302 850 2340 culani
878 2302 1037 2340 nomine
1056 2302 1329 2340 Mommsenus
1359 2300 1453 2339 dial.
1474 2301 1523 2338 It.
1544 2300 1613 2338 inf.
1645 2314 1683 2351 p.
1706 2299 1799 2347 243,
1819 2300 2043 2339 Vescellani
2065 2300 2159 2339 Hir·
2218 2351 2222 2357 Ι

717 2371 801 2420 pini
831 2371 935 2421 apud
965 2370 1141 2408 Plinium
1162 2370 1184 2408 3
1217 2369 1239 2419 ξ
1264 2369 1354 2416 105,
1384 2369 1514 2406 forum
1533 2359 1777 2416 Vessanum,
1811 2369 1923 2407 cuius
1952 2369 2002 2408 ab
2031 2367 2158 2408 Obse-

718 2446 864 2488 quente
895 2439 981 2477 solo
1012 2443 1169 2477 servata
1198 2442 1260 2476 est
1289 2437 1479 2475 memoria
1507 2436 1564 2487 (p.
1590 2435 1679 2484 122,
1707 2437 1758 2474 10
1786 2435 1922 2486 Iahn),
1951 2435 2159 2474 Vesentini

719 2506 842 2544 Tusci
872 2507 976 2556 apud
1005 2506 1179 2544 Plinium
1203 2505 1225 2542 3
1258 2505 1366 2555 §52

721 2575 885 2613 Vestana
914 2575 1113 2613 Valentina
1148 2574 1190 2611 in
1219 2573 1332 2611 titulo
1362 2572 1591 2611 Dalmatino
1621 2572 1748 2610 musei
1778 2571 1953 2610 Naniani
1980 2538 2155 2611 Venetiis

829 2642 874 2681 C.
895 2643 928 2680 I
949 2642 997 2680 L
1019 2643 1084 2680 III
1104 2642 1224 2680 3193.

715 2711 880 2749 Praeter
899 2710 1064 2748 Vestam
1105 2710 1217 2748 deam
1255 2713 1294 2747 et
1322 2707 1513 2747 Vestinos
1549 2708 1667 2746 etiam
1687 2707 1854 2746 Vestum
1889 2707 2002 2746 locus
2028 2707 2155 2768 ‘fuisse

713 2785 857 2830 potest.

727 2848 908 2886 Vibianas
937 2846 1082 2886 Vindex
1112 2850 1151 2882 et

720 2915 883 2954 Vibiana
914 2915 1050 2952 Prisca
1079 2912 1241 2963 Saepini
1271 2912 1305 2949 I.
1325 2910 1379 2950 N.
1402 2911 1524 2950 4978.

713 2982 1004 3022 Conferendum
1033 2981 1129 3019 Vibi
1166 2981 1316 3019 Forum
1359 2981 1399 3018 in
1443 2978 1580 3018 Gallia
1619 2979 1891 3029 transpadana
1929 2977 2034 3028 apud
2069 2977 2152 3016 Pli-

713 3052 821 3089 nium
843 3051 864 3088 3
945 3050 1034 3088 123.

720 3118 763 3157 C.
793 3051 980 3159 Vim-jum
1010 3118 1204 3157 Secundus
1235 3117 1276 3155 in
1305 3116 1417 3154 titulo
1447 3116 1597 3154 urbano
1619 3114 1769 3154 Oxonii
1788 3113 1985 3153 Maittaire
2012 3125 2150 3151 marm.

823 3187 955 3226 Oxon.
979 3187 1030 3225 30
1062 3187 1117 3237 (p.
1142 3184 1208 3232 42,
1234 3185 1342 3235 106),
1372 3197 1491 3234 quem
1520 3184 1724 3233 descripsi.

719 3257 786 3295 Vic
815 3260 855 3293 et
883 3268 947 3294 vec
982 3255 1160 3301 radices,
1202 3265 1290 3290 cum
1321 3252 1396 3290 vici
1427 3251 1619 3290 vocabulo
1656 3251 1818 3300 eiusque
1854 3248 2041 3288 derivatis
2069 3248 2149 3286 for·
2200 3294 2203 3297 Ι

711 3329 818 3362 tasse
855 3322 1173 3374 componendae,
1208 3321 1250 3359 in
1286 3319 1511 3360 nominibus
1541 3331 1654 3358 rarae
1683 3324 1794 3365 sunt3
1828 3329 1854 3356 a
1880 3327 1944 3355 vec
1971 3316 2150 3354 derivata
2172 3310 2175 3312 ‘
2198 3370 2201 3372 ‚
