2222 3594
518 217 927 253 onsnnva'rlonsss
961 219 1325 254 EPIGRAPHICAE
1349 221 1491 256 xvm.
1793 209 1889 256 269

237 333 524 387 Supplementa
557 335 799 374 carminibus
835 335 971 374 addita
1008 348 1249 387 quamquam
1290 349 1365 387 pro
1399 351 1443 376 re
1487 337 1538 375 ad
1574 338 1737 377 verbum
1778 353 1892 391 prae-

47 447 49 450 ,
124 403 224 443 stari
269 408 488 454 nequeunt,
542 416 673 442 rerum
730 410 963 456 argumenta
1018 405 1381 455 sententiarumque
1433 405 1612 444 ordinem
1666 419 1893 459 nexumque

29 472 31 474 ’
82 479 89 482 ’
122 470 399 511 Buechelerus
429 472 515 511 sine
545 471 666 511 dubio
695 473 753 511 ita
781 473 997 518 adsecutus
1028 479 1101 520 est,
1133 478 1176 512 ut
1203 486 1404 525 perpauca
1424 474 1514 523 sint,
1545 475 1594 514 de
1614 476 1758 526 quibus
1788 477 1894 516 iusta

126 539 321 579 dubitatio
350 541 535 591 supersit.

2 654 9 661 ἱ
230 607 368 647 Primo
406 609 580 648 carmine
608 615 805 660 quatenus
839 609 1016 661 intellegi
1052 616 1188 662 potest
1223 611 1391 650 victoria
1426 611 1475 650 de
1506 611 1761 652 Tacfarinate
1791 614 1892 654 cele-

5 664 8 666 *
53 669 58 672 ⁴
122 676 262 716 bratur
288 677 331 716 in
359 677 599 716 universum.

235 743 419 785 Secundo
454 745 658 785 dedicatur
691 759 773 786 non
806 752 886 786 tam
923 751 1134 797 praetexta
1172 748 1454 795 sacerdotalis,
1495 749 1648 789 scilicet
1692 763 1740 789 ea
1773 764 1892 802 quam

121 812 290 864 primam
324 813 507 853 induerat
536 813 757 854 Caesianus
787 816 1003 867 septemvir
1040 816 1158 866 epulo
1194 829 1219 854 a
1255 816 1319 855 Ti.
1351 815 1525 856 Caesare
1553 825 1728 865 creatus,
1773 832 1892 869 quam

122 881 296 931 Apronii
324 882 395 920 filii
424 883 577 933 effigies
606 890 817 933 praetexta
843 897 892 922 ea
920 884 1069 930 induti3
1113 896 1160 922 eo
1190 885 1295 923 enim
1331 885 1441 923 ducit
1476 886 1583 935 quod
1620 895 1680 925 est
1707 900 1746 926 v.
1778 888 1800 926 3
1833 890 1893 927 liic

122 949 220 988 idem
237 951 330 999 suit.
389 948 570 989 conferri
608 957 741 1002 potest
775 952 880 1002 quod
918 953 975 990 ait
1010 952 1196 991 Valerius
1241 953 1443 992 Maximus
1481 955 1585 1002 3‚1,
1617 956 1657 992 1:
1706 955 1892 995 Aemilius

122 1015 295 1068 Lepidae
323 1031 420 1069 puer
457 1022 644 1058 etiamtum
667 1033 898 1070 progressus
932 1023 973 1058 in
1008 1024 1126 1059 aciem
1162 1021 1299 1060 hostem
1337 1024 1534 1070 interemit,
1573 1026 1686 1062 civem
1715 1028 1891 1073 servavit,

122 1087 229 1124 eidus
343 1090 509 1138 .operis
544 1089 658 1127 index
694 1096 749 1128 est
780 1091 822 1126 in
866 1088 1057 1140 Capitolio
1093 1095 1223 1128 statua
1252 1090 1398 1129 bullata
1441 1099 1474 1130 et
1501 1094 1667 1131 incincta
1693 1100 1892 1143 praetexta

121 1161 274 1193 senam
302 1155 470 1194 consulto
501 1159 654 1206 posita,
695 1157 790 1196 item
818 1170 1005 1196 nummus
1035 1170 1122 1196 eam
1153 1163 1326 1197 statuam
1355 1171 1583 1211 proponens
1612 1161 1747 1199 addito
1777 1161 1892 1200 titulo

121 1220 179 1260 Μ
208 1221 383 1274 Lepidus
411 1223 633 1275 an(norum)
654 1220 718 1262 'X
725 1225 763 1265 V
783 1224 1051 1276 pr(oqressus)
1080 1226 1257 1277 Mosteni)
1294 1227 1465 1278 o(ccidit)
1504 1228 1658 1279 c(ivem)
1689 1229 1890 1280 s(ervavit)

121 1288 232 1339 (rb'm.
280 1291 521 1331 Mfinzwesen
565 1306 606 1343 p.
643 1293 755 1343 634).
806 1316 857 1322 —-
923 1293 1144 1345 Utriusque
1187 1295 1399 1346 fragmenti
1446 1297 1642 1347 reliquiae
1690 1298 1891 1348 quomodo

120 1361 455 1409 coagmentandae
484 1361 575 1409 sint,
610 1361 854 1413 intellegitur
888 1363 1060 1400 maxime
1090 1374 1142 1401 ex
1171 1363 1288 1402 huius
1318 1365 1506 1404 carminis
1544 1379 1580 1403 v.
1611 1367 1656 1414 4,
1694 1367 1762 1405 ubi
1789 1367 1891 1405 inter

89 1454 93 1461 «
121 1437 165 1464 se
193 1434 448 1479 opponuntur
474 1436 704 1481 praetextae
733 1430 836 1469 duae
864 1431 1027 1482 puerilis
1056 1431 1188 1482 posita
1217 1437 1256 1471 et
1284 1433 1543 1472 sacerdotalis
1572 1442 1743 1485 sumpta.

233 1495 373 1535 Tertia
400 1497 547 1548 pagina
573 1498 651 1537 duo
689 1499 976 1550 epigrammata
1005 1500 1190 1547 continet,
1239 1513 1408 1550 quorum
1436 1501 1560 1540 altero
1587 1503 1696 1542 filius
1736 1503 1894 1543 dedicat

121 1563 294 1615 effigiem
322 1566 447 1616 patris
477 1579 556 1604 una
585 1578 673 1604 cum
709 1569 830 1606 armis
867 1580 970 1618 quae
1005 1568 1132 1618 gessit
1169 1570 1207 1606 in
1244 1581 1380 1619 pugna
1416 1566 1487 1607 illa
1520 1570 1730 1619 Africana,
1766 1572 1891 1610 altero

118 1637 235 1684 pater
260 1632 446 1684 filiusque
476 1634 647 1686 effigiem
676 1634 842 1674 Tiberii.
873 1657 923 1663 —
974 1636 1039 1675 Ad
1069 1650 1104 1674 v.
1138 1636 1161 1674 7
1190 1637 1239 1675 cf.
1271 1636 1440 1677 Ovidius
1469 1651 1522 1676 ex
1550 1639 1681 1678 Ponto
1710 1640 1748 1688 4,
1766 1640 1890 1687 7,38:

115 1712 289 1751 parsque
306 1702 395 1751 sere
430 1705 528 1741 scuti
556 1703 709 1742 vulnere
736 1704 846 1742 nulla
875 1711 996 1743 vacat.
1046 1727 1100 1732 —
1156 1704 1329 1744 Hastam
1359 1719 1408 1744 ne
1438 1707 1526 1757 quis
1556 1708 1770 1746 contendat
1798 1708 1889 1746 duci

122 1767 307 1808 Romano
342 1783 483 1821 parum
519 1772 742 1819 convenire,
777 1772 1045 1811 Buechelerus
1081 1773 1177 1812 haec
1206 1774 1437 1825 adscripsit:
1484 1774 1617 1825 ‘Quod
1646 1776 1687 1814 in
1716 1776 1890 1815 nummis

0 1826 9 1906 ἱ
117 1833 340 1889 ‘Augustus
369 1839 522 1878 hastam
550 1845 658 1878 tenet
686 1846 728 1878 ut
755 1839 885 1879 Roma
920 1841 995 1879 dea
1023 1841 1185 1892 aliique,
1214 1842 1254 1880 id
1284 1843 1452 1882 fortasse
1488 1857 1569 1882 non
1599 1845 1650 1882 ad
1679 1845 1801 1883 vitam
1831 1845 1891 1883 in-

0 1907 11 1951 ζὲ
117 1901 315 1944 ‘stitutum
350 1913 432 1954 est,
475 1907 546 1946 sed
574 1909 625 1946 ad
667 1915 814 1956 artem3
859 1922 931 1947 nec
972 1909 1062 1960 plus
1091 1910 1343 1949 tribuendum
1387 1919 1449 1950 est
1488 1920 1629 1963 poetae
1660 1913 1890 1964 (Propertio

0 1956 9 2010 i
114 1969 299 2024 ‘5,6‚56)
345 1975 572 2026 Augustum
602 1976 643 2014 in
670 1989 805 2027 pugna
826 1978 989 2016 Actiaca
1019 1979 1076 2017 sic
1111 1979 1273 2017 facienti
1293 1992 1380 2017 cum
1402 1981 1592 2031 Apolline
1611 1994 1890 2033 prorumpere:

117 2039 305 2092 ‘proxima
347 2050 438 2093 post
471 2056 583 2082 arcus
629 2044 805 2083 Caesaris
850 2046 962 2084 hasta
988 2048 1080 2096 suit.
1153 2049 1210 2085 At
1253 2050 1492 2087 monstravit
1534 2051 1631 2088 mihi
1666 2050 1890 2090 Kekuleius

116 2106 287 2161 ‘collega
314 2110 530 2150 Traianum
559 2113 714 2151 hastam
742 2114 978 2152 iaculantem
1016 2116 1058 2153 in
1084 2115 1240 2154 hostem
1269 2117 1310 2154 in
1344 2129 1459 2155 arcus
1493 2118 1744 2170 triumphalis
1773 2119 1891 2158 hodie

115 2173 383 2218 ‘Constantini
413 2180 585 2231 imagine
614 2180 787 2230 (Bartoli
815 2182 955 2221 admir.
977 2183 1056 2221 tab.
1081 2185 1152 2231 113
1182 2184 1346 2223 Rossini
1368 2186 1477 2224 archi
1496 2187 1671 2236 trionsali
1699 2188 1776 2226 tab.
1804 2188 1889 2238 73).

115 2245 280 2285 ‘Ibidem
317 2247 495 2296 (Bartoli
530 2249 609 2288 tab.
641 2249 715 2295 183
758 2249 919 2288 Rossini
955 2252 1034 2289 tab.
1063 2252 1127 2298 71,
1158 2252 1209 2302 5)
1253 2254 1425 2291 cernitur
1464 2254 1576 2292 iuxta
1611 2256 1890 2305 imperatorem

118 2311 242 2353 ‘stans
292 2314 373 2353 dux
422 2316 648 2364 Romanus,
687 2318 842 2367 legatus
883 2326 925 2356 ut
959 2320 1116 2358 videtur
1150 2321 1402 2368 tribunusve,
1439 2322 1594 2360 hastam
1631 2330 1783 2362 tenens.
1841 2325 1889 2362 Iu

7 2427 16 2434 .
78 2400 81 2402 ·
116 2377 311 2420 ‘columna
338 2382 504 2422 Traiani
533 2384 762 2423 Froehnero
790 2391 892 2424 teste
920 2401 958 2437 p.
981 2387 1032 2425 93
1076 2388 1261 2426 editionis
1298 2390 1462 2428 minoris
1491 2391 1708 2441 imperator
1732 2393 1888 2431 hastam

119 2447 377 2500 ‘(unjavelot)
408 2458 532 2499 tenet,
569 2466 687 2503 quam
716 2459 761 2491 ut
788 2455 829 2491 iu
858 2456 1155 2506 oppugnatione
1190 2457 1345 2495 castelli
1380 2458 1449 2495 vix
1482 2459 1696 2498 credideris
1732 2461 1889 2499 hastam

118 2514 285 2568 ‘puram.
342 2519 474 2557 Etiam
505 2519 656 2559 Statius
687 2522 777 2559 silv.
799 2522 837 2569 3,
859 2522 897 2569 2,
922 2524 971 2561 16
1003 2524 1051 2562 de
1081 2523 1220 2563 Celere
1251 2525 1383 2576 legato
1412 2527 1587 2576 Augusti
1622 2527 1742 2577 quid?
1768 2531 1888 2578 sortis

117 2583 130 2597 ‘
175 2613 186 2624 .
217 2615 226 2624 .
258 2588 409 2634 iaculo,
451 2589 550 2626 nihil
595 2590 704 2627 aliud
746 2603 943 2629 armorum
986 2592 1174 2630 adiciens.
1250 2593 1432 2643 Denique
1483 2600 1526 2631 ut
1567 2607 1688 2645 neges
1732 2596 1888 2635 hastam

119 2650 237 2692 ‘inter
250 2654 427 2706 legitima
452 2669 562 2696 arma
577 2658 747 2707 Apronii
765 2660 880 2709 pueri
899 2659 1038 2706 fuisse,
1068 2672 1309 2710 quamquam
1330 2674 1408 2700 non
1429 2663 1588 2712 negabit
1616 2664 1684 2712 qui
1704 2663 1888 2714 inspexe-

118 2717 184 2759 ‘rit
201 2729 455 2762 monumenta
468 2725 553 2771 illa,
576 2726 704 2774 potuit
723 2727 905 2776 gregario
920 2741 1005 2766 eam
1021 2729 1213 2778 eripuisse
1242 2736 1282 2767 et
1294 2730 1350 2767 ita
1369 2742 1646 2768 consummare
1660 2730 1888 2782 tropaeum?

112 2784 179 2816 '—
201 2790 251 2827 10
270 2791 312 2828 in
340 2802 458 2830 POSVI
480 2792 574 2842 quid
594 2794 700 2839 insit,
732 2794 831 2832 satis
852 2795 1016 2844 adsequi
1036 2808 1114 2833 non
1134 2797 1346 2846 potuimus.
1404 2797 1542 2835 Potuit
1560 2799 1636 2836 hoc
1655 2800 1744 2837 loco
1764 2801 1889 2838 nomi-

121 2857 209 2894 nari
244 2857 325 2896 dux
359 2857 623 2898 Numidarum
661 2861 711 2898 ab
747 2863 927 2910 Apronio
962 2863 1190 2902 interfectus
1227 2870 1267 2902 et
1300 2865 1342 2902 in
1384 2865 1520 2903 tabula
1556 2867 1707 2916 scripta
1741 2867 1887 2906 litteris

122 2924 259 2974 pravis
297 2927 532 2965 vocabulum
576 2927 739 2977 aliquod
773 2928 1048 2977 Numidicum,
1097 2938 1139 2968 ut
1182 2937 1243 2969 est
1270 2932 1400 2970 Bocut
1441 2933 1519 2982 (sic
1565 2934 1669 2971 enim
1706 2934 1885 2985 Bogudis

123 2992 232 3041 regis
260 3005 404 3031 nomen
432 2995 582 3032 nummi
611 2996 856 3045 enuntiant),
893 3010 918 3034 a
947 2997 1171 3036 Gualthero
1207 3011 1296 3036 cum
1326 3012 1373 3037 eo
1410 3001 1518 3050 quod
1548 3001 1656 3038 dedit
1684 3003 1885 3042 confundi.

126 3057 207 3098 Sed
234 3059 418 3109 religioni
446 3061 522 3098 fuit
552 3062 817 3101 coniecturam
846 3070 928 3102 tam
956 3066 1147 3102 incertam
1176 3079 1308 3104 rerum
1336 3068 1551 3105 memoriae
1578 3068 1724 3107 inferre
1752 3071 1887 3121 itaque

123 3125 164 3164 id
202 3127 430 3175 posuimus,
471 3128 579 3178 quod
616 3134 657 3166 ut
695 3130 866 3169 fortasse
902 3144 982 3169 non
1011 3133 1139 3182 magis
1176 3146 1310 3171 verum
1356 3141 1437 3181 est,
1482 3141 1587 3173 certe
1623 3149 1765 3175 nocere
1806 3151 1886 3178 non

123 3199 268 3244 potest.
1491 3202 1570 3241 ΤΗ.
1599 3204 1828 3245 Mommsen.
