2222 3594
622 205 807 241 uonsu
829 205 1078 240 nmmos.
1120 204 1289 240 mem.
1431 203 1434 204 ’
1730 190 1827 237 301

840 496 1059 548 DAGIA.

67 700 69 702 ,
123 654 279 695 Daciae
310 652 636 704 inscriptionibus
669 658 763 703 post
789 665 851 691 me
878 657 1082 692 strenuam
1110 658 1151 690 et
1175 651 1421 691 fructuosam
1449 662 1612 701 operam
1639 650 1833 690 dederunt

1 720 65 779 ,ξ’ῗύ
50 722 149 773 {duo
182 723 258 763 viri
289 722 461 764 carolus
490 723 635 764 Gooss
663 721 975 768 Transilvanns,
1010 721 1080 771 qui
1113 733 1203 759 cum
1237 720 1278 758 in
1313 725 1607 771 programmate
1635 718 1832 770 gymnasii

1 782 46 844 Ϊζ
63 789 457 850 mesburgensis
486 791 669 842 (Studien
695 803 765 829 zur
794 789 990 840 Geoqrafic
1017 789 1097 828 und
1125 788 1341 828 Gesehichte
1369 789 1435 826 des
1463 787 1718 836 trojanischen
1746 787 1832 825 Da·

30 861 184 929 Τῐξὰια.
225 859 541 900 Hermannstadt
564 859 682 898 1874.
710 859 749 898 8.
773 871 811 910 p.
830 858 903 907 77)
931 864 1014 896 tum
1033 858 1075 896 in
1094 856 1387 896 commentariis
1405 856 1568 895 insertis
1588 856 1691 899 actis,
1709 855 1831 894 socie-

3 967 41 981 ..-
31 908 166 979 5fit-tis
179 924 512 968 Transilvanicae
531 928 695 978 (Archiv
713 927 779 965 dea
795 926 950 965 Vereins
960 926 1034 977 fiir
1052 925 1375 976 sicbenburyische
1389 923 1673 963 Landeskundo
1691 923 1767 963 vol.
1780 924 1825 960 11

30 1007 110 1035 a.
130 995 237 1036 1873
264 1009 304 1048 p.
325 995 535 1045 98—1173
567 996 646 1034 vol.
670 994 719 1033 12
748 1008 784 1033 a.
809 995 915 1034 1874
944 1007 983 1044 p.
1008 993 1249 1043 107—175)
1284 994 1402 1032 etiam
1431 992 1558 1031 titulis
1585 993 1760 1031 nondum
1789 991 1831 1029 in

2 1042 45 1109 ’,ΞΤ
51 1062 197 1105 lucem
223 1065 394 1116 prolatis
422 1064 586 1104 edendis
614 1077 750 1103 curam
768 1062 971 1114 impendit,
1001 1071 1040 1100 et
1059 1061 1155 1101 Otto
1174 1061 1449 1101 Hmscm-mm
1474 1073 1584 1100 mens
1603 1060 1721 1100 hodie
1740 1072 1832 1110 pro·

68 1130 199 1172 sessor
231 1133 502 1186 universitatis
531 1132 767 1183 Pragensis,
803 1132 870 1182 qni
900 1144 935 1170 a.
960 1131 1064 1170 1873
1101 1133 1215 1169 iussu
1242 1143 1379 1168 eorum
1409 1130 1476 1180 qni
1506 1133 1549 1168 in
1576 1129 1744 1167 Austris
1770 1142 1831 1167 re-

0 1186 53 1301 ἓ
69 1199 147 1240 bus
172 1208 365 1251 praesunt
390 1201 492 1240 hanc
519 1208 663 1239 terram
698 1201 931 1251 vicinasque
958 1199 1143 1250 regiones
1173 1211 1251 1237 nna
1279 1211 1369 1237 cnm
1397 1198 1641 1237 Benndorfio
1677 1197 1834 1247 collega

51 1271 295 1320 peragravit
340 1269 662 1320 inscriptionibus
709 1268 827 1307 editis
870 1266 1204 1330 recognoscendis
1247 1267 1486 1317 ineditisque
1534 1265 1726 1304 addendis
1768 1265 1832 1303 vel

0 1314 26 1379 {¹
56 1339 243 1376 „maxime
275 1339 464 1376 intentus.
523 1337 623 1378 Eius
658 1337 811 1376 itineris
846 1343 1059 1386 postquam
1094 1336 1228 1374 brevis
1264 1335 1407 1374 notitia
1441 1335 1535 1373 data
1572 1340 1635 1373 cst
1668 1333 1833 1372 mulnet·-

0 1392 31 1449 ξ’
72 1404 209 1455 langen
236 1405 304 1444 der
334 1405 726 1446 Gentralcommission
754 1405 832 1443 vol.
858 1404 906 1443 18
936 1417 972 1442 a.
996 1404 1099 1443 1873
1129 1416 1167 1454 p.
1190 1402 1270 1441 328
1287 1415 1390 1454 seq„
1423 1403 1517 1441 data
1545 1415 1669 1454 opera
1694 1402 1831 1440 titulos

70 1485 98 1511 a
129 1483 175 1511 se
201 1473 431 1512 emendatos
461 1473 667 1513 additosve
696 1474 904 1524 proposuit
931 1473 974 1511 in
1001 1475 1100 1511 actis
1128 1472 1351 1510 minoribus
1380 1471 1605 1510 academiae
1629 1470 1831 1510 Vindobo-

2 1594 5 1596 ,
70 1543 207 1580 nensis
242 1540 298 1591 (a.
327 1541 434 1580 1874
462 1542 542 1581 vol.
561 1542 612 1580 77
642 1556 680 1593 p.
709 1541 958 1581 363-429:
995 1541 1288 1591 epiqraphische
1315 1539 1503 1579 Nachlese
1535 1552 1619 1578 zum
1651 1540 1691 1579 C.
1717 1540 1754 1578 I.
1779 1539 1830 1578 L.

0 1650 10 1653 „
70 1608 144 1648 ool.
162 1609 242 1648 ΙΙΙ
262 1622 334 1649 aus
357 1610 507 1649 Dacia}
534 1611 615 1649 und
631 1609 833 1660 Moesica).
855 1631 906 1637 --
936 1609 1119 1660 Hungari
1147 1621 1250 1659 qnae
1278 1623 1350 1660 per
1377 1609 1452 1647 hos
1479 1620 1607 1647 annos
1636 1607 1685 1646 de
1711 1608 1831 1647 rebus

69 1675 234 1731 Daeicis
255 1677 473 1726 ediderunt,
501 1685 544 1717 nt
563 1678 798 1717 Theodorus
820 1678 996 1718 Onrvar
1023 1681 1063 1716 in
1090 1681 1190 1717 actis
1217 1678 1434 1716 maioribus
1454 1676 1682 1715 academiae
1701 1675 1832 1715 Pesti-

66 1747 205 1784 msis
243 1745 412 1798 aliique,
451 1759 501 1785 ea
535 1759 624 1785 cnm
658 1747 961 1798 inscriptionum
1000 1747 1231 1785 thesaurum
1268 1758 1348 1784 non
1384 1756 1624 1796 magnopere
1661 1750 1834 1796 augeant

0 1826 39 1907 5
68 1813 295 1865 scriptaque
330 1814 412 1853 sint
445 1815 582 1866 lingna
618 1816 724 1866 apud
761 1824 919 1854 exteros
956 1816 1112 1867 ignota,
1151 1815 1207 1853 ita
1243 1815 1293 1852 iis
1330 1825 1429 1852 usus
1466 1825 1574 1860 sum,
1608 1818 1655 1852 ut
1688 1813 1739 1851 ad
1773 1813 1832 1851 in-

0 1879 44 1968 ξῇ
69 1881 306 1932 scriptiones
334 1882 444 1921 solas
470 1883 723 1922 attenderem.
775 1883 976 1923 Goossius
1005 1890 1135 1923 autem
1163 1889 1202 1922 et
1230 1885 1297 1932 qni
1326 1882 1375 1920 de
1404 1894 1447 1920 re
1475 1881 1735 1933 epigraphica
1750 1881 1833 1933 ple·

0 1968 36 2012 ξ,
67 1949 159 1989 nius
189 1949 309 2002 longe
336 1951 525 2002 exposuit
551 1951 842 1991 Hirschfeldins
871 1965 972 2003 qnae
1000 1953 1269 2004 protulerunt,
1308 1951 1413 1989 infra
1439 1956 1668 2000 repetentur
1693 1949 1833 2000 paucis

0 2015 233 2076 {minoris
265 2020 451 2058 momenti
487 2021 650 2059 omissis
677 2021 742 2059 vel
774 2022 903 2073 magis
931 2021 968 2059 ei
996 2020 1165 2071 tempori
1194 2020 1429 2066 reservatis,
1463 2031 1543 2069 quo
1571 2019 1713 2057 harum
1740 2030 1832 2069 pro·

0 2075 33 2175 g
67 2085 516 2203 vineiuutzitulorum
546 2090 765 2128 auctarium
794 2093 872 2140 ipsi
901 2090 1058 2141 corpori
1086 2095 1263 2139 aptatum
1292 2088 1477 2139 prodibit.

3 2183 6 2185 ·
227 2172 258 2203 l

31 2211 135 2251 Ad
158 2226 200 2264 p.
216 2213 328 2252 44o:
372 2214 453 2264 Qui
488 2229 615 2267 nuper
649 2219 820 2256 innotuit
854 2229 944 2255 cnm
981 2229 1034 2255 ex
1062 2217 1178 2254 titulo
1209 2215 1494 2255 concordiensi
1530 2214 1712 2265 (Bulleu.
1745 2213 1831 2252 dell'

2 2251 27 2346 Ξ
123 2281 221 2320 Inst-
239 2281 346 2321 1874
372 2296 412 2334 p.
433 2284 508 2334 34)
537 2290 622 2322 tum
650 2297 702 2323 ex
730 2285 945 2335 diplomate
973 2298 1009 2323 a.
1034 2285 1111 2322 166
1140 2284 1246 2322 infra
1275 2284 1380 2322 edito
1410 2283 1461 2322 T.
1489 2282 1694 2321 Desticius
1724 2282 1774 2320 T.
1802 2282 1830 2319 f.

0 2343 42 2380 <T
125 2347 212 2387 Cla.
242 2347 413 2389 Severus
438 2365 546 2401 proc.
576 2353 678 2402 Any.
702 2366 812 2402 prov.
842 2353 993 2391 Daciae
1021 2355 1205 2402 superior.
1234 2364 1322 2390 cnm
1351 2359 1444 2402 post
1472 2364 1557 2389 eam
1585 2353 1832 2402 procuratio-

122 2429 212 2456 nem
245 2429 283 2456 a.
307 2430 350 2468 p.
375 2417 423 2457 C.
455 2419 531 2458 166
567 2420 750 2458 Raetiam
784 2422 1029 2470 procurarit,
1066 2420 1272 2471 probabile
1306 2427 1368 2457 est
1399 2419 1451 2457 ad
1487 2431 1524 2457 a.
1552 2431 1586 2457 c.
1616 2419 1694 2457 150
1730 2418 1830 2457 anti-

123 2496 244 2536 quam
269 2489 528 2537 partitionem
557 2488 768 2527 mansisse.

741 2718 848 2769 Aqer
874 2719 1151 2758 Bistritzensis.

69 2836 169 2878 370
196 2838 442 2890 Burghallen
469 2851 594 2891 prope
621 2840 797 2879 Bistritz.

876 3052 1016 3079 uSNll

878 3119 1017 3145 ΤΙΝΑ

879 3186 1019 3213 Sim».

8 3313 31 3345 νζ
72 3309 207 3350 Gooss
236 3311 394 3350 Studien
420 3324 490 3350 zur
522 3311 664 3362 Geoqr.
692 3314 863 3352 Dae-iens
892 3327 932 3364 p.
954 3315 1025 3362 483
1055 3315 1201 3353 Archiv
1234 3315 1296 3361 12,
1321 3316 1410 3354 175.
