2222 3594
722 184 793 245 An
818 210 1029 244 'mvnos
1053 209 1315 245 mammos.
1402 243 1405 246 ,
1795 195 1892 241 247

126 331 329 377 quattuor,
354 326 410 365 ita
435 332 479 365 ut
496 326 625 377 prima
644 326 845 378 gentilicia
864 326 1064 365 contineat
1081 326 1261 365 breviata
1279 326 1512 376 plerumque
1532 325 1722 375 (excepto
1743 324 1897 371 ultimo,

126 394 282 434 scilicet
308 394 482 433 hominis
508 394 575 446 qui
605 407 727 433 unum
757 401 910 433 tantum
938 406 1082 433 nomen
1111 393 1271 444 gessit),
1301 400 1345 433 ut
1381 394 1479 441 dixi,
1509 393 1634 432 altera
1661 391 1899 443 cognomina

125 463 349 513 perscripta
364 462 463 513 (uno
482 469 648 514 excepto
660 463 918 513 paenultimo,
937 462 1045 512 quod
1065 475 1155 501 cum
1175 474 1320 501 nomen
1333 462 1506 500 hominis
1526 462 1613 501 eius
1633 460 1897 512 perscriptum

123 530 181 570 sit
209 530 351 579 solum,
379 531 421 570 in
450 531 606 570 tertiam
635 531 861 570 columnam
893 531 1050 582 cessit),
1089 531 1208 570 tertia
1237 530 1491 570 condiciones
1522 531 1718 577 virorum,
1754 533 1899 579 quarta

125 598 326 638 mulieres.

236 667 476 711 Nominibus
505 668 717 719 gentiliciis
748 676 884 707 carent
911 667 1056 708 Ezenus
1076 668 1196 718 sullo,
1227 668 1410 718 Pelagius
1431 669 1637 714 clavarz’us,
1667 667 1898 705 Aeuarmus

125 746 269 774 cemus.
325 735 586 786 Reliquorum
621 742 702 775 tam
747 738 911 776 nomina
948 750 1068 787 quam
1106 736 1345 787 cognomina
1373 735 1521 774 Latina
1557 735 1621 773 vel
1652 733 1900 774 Graecanica

12 813 27 818 ·
59 832 78 842 ,,
125 803 314 854 vulgaria
350 805 444 843 suxit
471 805 651 856 exceptis
681 807 986 857 cognominibus
1016 805 1101 844 his:

833 875 1029 914 Missillus
1058 887 1095 911 v.
1119 872 1168 911 21

836 942 1013 981 Mor-inus
1042 956 1080 981 v.
1106 942 1154 980 19

843 1011 1042 1050 Valoddus
1072 1023 1109 1048 v.
1128 1010 1182 1048 20

59 1089 73 1102 ⁰
129 1088 229 1129 Cum
257 1090 432 1130 Missillo
468 1091 722 1130 conferantur
751 1091 953 1130 Medsillus
991 1091 1029 1129 V
1059 1090 1186 1138 5527,
1222 1090 1380 1130 Mesala
1408 1091 1472 1129 III
1510 1089 1615 1130 1872
1650 1089 1754 1128 1901
1788 1089 1896 1128 3105

129 1157 250 1206 3990,
279 1158 491 1198 Meddillus
520 1159 600 1198 VII
633 1159 752 1207 1336,
788 1172 852 1198 690.
911 1159 1091 1198 Morinus
1132 1164 1265 1210 potest
1299 1159 1445 1198 rustice
1481 1160 1670 1210 scriptum
1704 1170 1794 1197 esse
1824 1170 1897 1208 pro

126 1226 332 1274 Maurin03
381 1227 451 1266 sed
486 1228 570 1266 noti
606 1229 724 1267 etiam
762 1228 910 1267 Morini
957 1228 997 1266 in
1047 1227 1204 1267 Galliae
1239 1226 1415 1278 Belgica.
1498 1227 1698 1266 Valoddus
1738 1226 1899 1264 omnino

18 1295 21 1298 ’
63 1334 66 1337 .
126 1295 383 1347 peregrinum
393 1310 405 1343 ;
434 1296 570 1335 confer
599 1296 791 1335 Atlondus
820 1297 865 1335 II
894 1295 945 1334 76
977 1296 1098 1335 4980.

239 1363 428 1403 Mulieres
465 1375 538 1403 sex
574 1363 884 1414 (autquinque)
929 1376 1077 1403 uxores
1123 1364 1306 1403 videntur
1340 1364 1467 1403 fuisse
1503 1375 1639 1402 eorum
1677 1363 1898 1410 hominum,

127 1442 296 1482 quorum
325 1432 486 1471 nomina
521 1432 658 1471 eodem
687 1445 807 1472 versu
837 1434 988 1484 scripta
1017 1439 1124 1480 sunt,
1162 1431 1329 1483 Caliope
1357 1432 1498 1471 Parati
1534 1438 1574 1470 et
1610 1432 1668 1471 sic
1697 1431 1898 1482 deinceps.

126 1493 248 1538 B'otia
274 1513 312 1538 v.
346 1501 398 1539 14
431 1513 526 1539 num
554 1501 744 1540 Maritimi
779 1503 864 1540 sive
893 1514 997 1540 uxor
1025 1501 1143 1540 fuerit
1177 1502 1262 1540 sive
1291 1501 1513 1540 concubina
1547 1499 1720 1538 dubitari
1749 1506 1899 1551 potest3

125 1566 298 1607 fortasse
326 1567 491 1607 Valeria
534 1568 715 1617 Donata,
762 1570 876 1608 cuius
918 1582 1062 1609 nomen
1107 1569 1310 1621 praecedit
1352 1569 1538 1620 proximo
1575 1580 1707 1615 versu,
1755 1567 1899 1606 Botiae

127 1648 273 1676 nomen
301 1637 555 1688 peregrinum
583 1650 655 1689 pro
685 1638 810 1677 altero
831 1639 1068 1690 cognomine
1096 1638 1266 1677 retinuit.
1325 1638 1492 1676 Boutius
1511 1637 1670 1683 Boutia,
1702 1650 1727 1676 a.
1755 1636 1902 1687 quibus

127 1703 250 1742 Batia
275 1717 356 1744 non
383 1706 542 1744 videtur
570 1706 771 1745 diversum
801 1719 908 1754 esse,
944 1707 986 1746 in
1015 1706 1226 1746 Lusitania
1260 1706 1510 1757 potissimum
1539 1705 1765 1756 frequentia
1793 1708 1900 1743 sunt.

128 1771 320 1812 Eiusdem
348 1774 505 1825 generis
542 1781 635 1814 sunt
668 1775 801 1814 Britta
833 1789 871 1814 v.
906 1776 955 1815 15
985 1774 1052 1825 (cf.
1082 1775 1126 1814 II
1159 1774 1283 1824 1335)
1322 1779 1361 1813 et
1389 1774 1551 1820 Avana;
1587 1785 1757 1824 quocum
1795 1785 1903 1812 com-

126 1842 355 1891 paraverim
381 1841 514 1881 ’Auvo
543 1843 588 1881 II
620 1842 724 1882 1775
755 1849 795 1882 et
824 1844 1047 1883 Auvancum
1076 1844 1207 1895 gentis
1242 1850 1287 1881 ut
1315 1843 1472 1882 videtur
1501 1854 1647 1881 nomen
1674 1841 1719 1880 H
1749 1839 1872 1880 2827.

240 1943 504 1986 Condiciones
534 1947 732 1986 sodalium
762 1949 985 1988 indicantur
1013 1949 1110 1987 hae:

604 2015 808 2055 Amainius
836 2031 873 2055 v.
898 2017 949 2055 22

605 2085 800 2124 clav-arius
829 2100 867 2125 v,
886 2085 938 2125 26

595 2152 701 2200 fullo
732 2166 768 2191 v.
791 2153 855 2192 20.
880 2154 931 2192 23

599 2224 842 2269 pectenarius
871 2235 909 2260 v.
931 2222 979 2260 17

603 2294 711 2326 sutor
738 2302 776 2327 v.
799 2288 847 2327 21

604 2356 759 2396 libertus
786 2358 979 2409 yen(tilis)
1007 2371 1044 2396 v.
1069 2359 1119 2398 13

714 2425 909 2477 lib(ertus)
927 2426 1121 2477 qen(tili8)
1141 2440 1180 2464 v.
1200 2427 1262 2465 14.
1289 2426 1351 2464 15.
1377 2426 1426 2464 16

601 2493 773 2544 ser(vus)
803 2493 994 2546 qen(tilis)
1023 2508 1061 2533 v.
1084 2494 1136 2532 24

244 2641 409 2680 Praeter
438 2642 679 2691 Amainium,
717 2655 836 2693 quam
870 2650 967 2694 pnto
996 2643 1230 2694 gentilitatis
1260 2642 1540 2681 indicationem
1580 2652 1669 2678 esse
1699 2640 1783 2679 sive
1813 2653 1903 2692 cog-

134 2720 277 2747 nomen
313 2710 478 2748 alterum
517 2709 579 2758 (ut
614 2711 732 2749 Botia
765 2725 803 2749 v.
842 2711 925 2760 14),
963 2716 1070 2750 artes
1114 2711 1281 2750 clavarii
1316 2710 1385 2760 (cf.
1429 2710 1622 2747 clavarius
1658 2710 1905 2746 materiarius

134 2776 239 2814 tituli
266 2776 544 2815 Narbonensis
573 2776 698 2816 Orell.
727 2778 855 2824 41643
892 2779 1030 2829 glossa
1064 2772 1242 2824 ἦλικᾶπος
1277 2779 1492 2825 clavariu83
1529 2777 1746 2814 clavarium
1785 2776 1905 2813 dona-

135 2844 258 2882 tivum
296 2845 441 2883 milites
470 2851 609 2895 petunt
638 2845 742 2895 apud
773 2846 957 2884 Tacitum
987 2847 1079 2884 hist.
1102 2848 1140 2893 3,
1158 2846 1244 2895 50),
1279 2846 1495 2892 fullonum,
1531 2843 1747 2894 pectenarii
1779 2843 1907 2893 (quod

138 2911 242 2949 solet
265 2915 502 2961 pectinarius
523 2913 642 2950 scribi
661 2913 703 2950 in
731 2913 870 2960 titulis,
899 2925 1000 2963 quos
1021 2914 1170 2952 indicat
1192 2913 1448 2952 Furlanettus
1470 2912 1576 2962 apud
1595 2910 1903 2957 Forcellinium;

137 2993 228 3018 nam
248 2979 354 3029 apud
373 2981 589 3029 scriptores
616 2980 695 3030 legi
716 2993 797 3019 non
826 2981 1016 3031 videtur),
1045 2981 1191 3020 sutoris
1221 2987 1338 3020 notae
1366 2981 1602 3020 indicantur.
1650 2978 1838 3016 Libertos
1867 2983 1907 3016 et

38 3056 43 3060 ·
110 3073 115 3075 -
140 3059 296 3086 servum
324 3061 394 3097 qen
414 3075 424 3084 .
447 3076 456 3085 .
480 3077 488 3085 .
518 3047 686 3097 gentiles
716 3054 811 3097 puto
839 3048 963 3086 fuisse
990 3048 1077 3097 (vix
1106 3048 1210 3087 enim
1241 3049 1322 3086 alia
1349 3049 1468 3087 trium
1497 3048 1654 3085 illarum
1683 3046 1906 3084 litterarum

140 3115 355 3165 explicatio
377 3115 599 3152 invenietur
616 3115 867 3165 probabilis),
889 3116 1040 3154 scilicet
1055 3116 1182 3165 gentis
1196 3116 1480 3167 gentilitatisve
1501 3114 1680 3160 alicuius,
1707 3114 1845 3164 quales
1864 3113 1906 3152 in

140 3182 368 3232 regionibus
384 3183 466 3220 illis
476 3183 623 3221 scimus
632 3183 876 3231 superfuisse
887 3197 938 3221 ex
947 3189 1105 3221 vetusta
1123 3183 1318 3221 barbarie.
1350 3181 1518 3221 Servum
1526 3182 1728 3232 gentilicio
1747 3182 1906 3219 nomine

141 3262 273 3289 carere
302 3263 376 3300 par
404 3256 482 3297 est3
518 3250 684 3288 libertos
726 3256 914 3300 quattuor
947 3251 1151 3289 Publicios
1190 3251 1317 3289 dictos
1355 3262 1443 3288 esse
1471 3256 1567 3300 puto
1606 3249 1705 3299 (non
1734 3249 1902 3288 Publios

141 3319 206 3356 vel
235 3318 452 3367 Publilios)
483 3330 534 3355 ex
563 3330 671 3356 more
702 3323 815 3356 sueto
835 3317 891 3366 (v.
922 3330 1044 3368 supra
1071 3331 1110 3368 p.
1133 3317 1217 3367 89),
1249 3318 1400 3356 scilicet
1428 3331 1454 3356 a
1481 3318 1641 3368 publico
1669 3317 1904 3368 gentilitatis
