2222 3594
345 224 409 270 90
1130 233 1329 274 Ht'JBNER

460 353 502 392 G.
539 353 739 393 Publicius
778 355 1054 394 Viruniensium
1091 355 1246 394 libertus
1283 356 1477 396 Asiaticus
1511 357 1655 395 Viruni
1694 355 1738 396 C.
1769 357 1803 395 I.
1831 357 1880 396 L.
1911 357 1973 396 111
2001 357 2109 397 4870
2187 401 2189 406 ¹

565 422 634 472 (=
659 421 785 461 Orell.
807 423 949 473 3017).
2171 422 2183 433 ”

459 491 503 537 Q.
535 490 735 529 Publicius
764 491 928 542 Lucifer
957 490 1116 531 Celeiae
1148 491 1193 531 O.
1216 492 1248 531 Ι.
1269 492 1316 531 L.
1338 493 1400 531 III
1422 492 1542 531 5264.
2170 539 2172 541 ,

395 560 530 609 Atque
565 559 669 598 inter
698 559 903 598 Publicios
940 560 1086 610 ubique
1122 561 1221 599 satis
1258 561 1485 611 frequentes
1515 562 1662 600 similia
1689 566 1898 613 praeterea
1924 562 2110 614 exempla

394 628 653 678 reperientur.
2179 615 2181 618 .

342 694 513 735 Senatus
545 683 747 734 Tiburtini
774 697 919 744 liberti,
950 702 993 735 ut
1020 696 1216 744 videntur,
1244 697 1337 736 dicti
1367 704 1460 736 sunt
1489 698 1655 737 Senatii:

453 763 634 803 Senatius
664 765 826 814 Nepkon
856 771 889 804 et
917 765 1077 804 Senatia
1107 767 1235 804 Flora
1262 766 1412 804 Tibure
1441 766 1607 805 Henzen
1628 766 1748 805 6402.

339 833 614 872 Accensorum
644 833 866 872 velaturum
895 833 1061 872 libertus
1091 835 1279 873 Velatius:

450 901 492 940 T.
535 902 702 941 Velatius
742 914 983 941 accensorum
1019 904 1224 942 celatorum
1267 904 1421 942 libertus
1462 902 1695 953 Ganymedes
1739 903 1891 942 Romae
1931 903 2110 943 Fabretti
2172 919 2175 921 ·

563 970 642 1008 433
665 970 737 1009 IV.
902 958 914 961 “
2172 955 2175 963 '

339 1038 515 1077 Fabrum
546 1040 862 1077 centonariorum
892 1039 1097 1078 Fabricius
1130 1039 1352 1078 Centonius:
1847 1077 1850 1079 .
2166 1086 2181 1091 ,

451 1108 651 1146 Fabricius
690 1108 889 1146 Centonius
927 1108 1167 1158 colleqiorum
1204 1108 1358 1146 libertus
1395 1113 1434 1147 et
1469 1108 1654 1147 Fabricia
1695 1107 1878 1147 Centonia
1917 1109 2110 1148 Arethusa

558 1189 655 1214 uxor
684 1176 848 1214 Brixiae
879 1174 925 1215 C.
948 1177 979 1214 Ι.
1002 1176 1049 1214 L.
1071 1175 1108 1213 V
1130 1175 1250 1214 4422.
2087 1170 2093 1175 “

337 1244 539 1283 Interdum
577 1244 696 1294 etjam
733 1244 822 1294 ipsa
851 1244 907 1282 rei
937 1244 1120 1294 publicae
1149 1243 1310 1282 nomina
1339 1245 1654 1294 usurpabantur,
1690 1245 1760 1284 sed
1789 1245 1916 1284 libere
1943 1250 2107 1284 mutata.

338 1313 400 1351 Ita
428 1312 554 1351 Polae
583 1319 741 1363 reperta
771 1318 852 1351 est:
2171 1300 2174 1307 Α

448 1381 641 1419 Pollentia
671 1381 859 1420 Processu
888 1382 1056 1419 coloniae
1083 1380 1258 1419 Polensis
1289 1381 1423 1419 liberta
1452 1380 1498 1420 G.
1521 1381 1553 1419 Ι.
1574 1381 1621 1419 L.
1644 1382 1682 1421 V
1704 1382 1768 1421 83.

337 1450 471 1489 Veiis:

458 1519 646 1558 Veientius
667 1519 876 1557 Ianuarius
900 1518 1050 1557 libertus
1080 1518 1260 1556 arkarius
1283 1517 1452 1567 (ordinis
1469 1517 1714 1568 Veientium)
1736 1518 1769 1556 F
1773 1519 1917 1558 abretti
1933 1519 2026 1568 434,
2047 1519 2108 1558 14.
2160 1505 2180 1549 {-

335 1574 494 1626 Deinde
535 1588 771 1638 cognomina
810 1588 1067 1637 oppidorum,
1113 1587 1221 1624 velut
1259 1585 1491 1634 Claudium,
1534 1587 1766 1625 libertorum
1806 1588 1968 1626 nomina
2004 1587 2120 1626 facta*
2152 1617 2175 1642 3

336 1661 441 1703 sunt,
474 1662 535 1694 ut:
2100 1706 2101 1709 Ἴ

451 1725 508 1762 Ti.
544 1724 729 1763 Claudius
759 1726 956 1773 municipii
989 1724 1154 1762 Celeiani
1184 1724 1339 1761 libertus
1365 1723 1499 1761 Favor
1528 1722 1684 1762 Celeiae
1716 1722 1761 1762 G.
1782 1724 1812 1762 Ι.
1836 1723 1882 1763 L.
1903 1724 1966 1763 III
1988 1723 2108 1763 5227.

452 1794 617 1832 Claudia
646 1792 789 1831 Suavis
820 1793 1033 1830 colonorum
1065 1792 1199 1830 liberta
1228 1792 1441 1843 Luguduni
1472 1792 1636 1830 Henzen
1661 1791 1781 1831 6399.
2152 1786 2159 1792 ”

446 1861 494 1899 Ρ.
535 1861 717 1900 Claudius
756 1863 868 1898 trium
909 1860 1130 1899 Galliarum
1167 1860 1319 1898 libertus
1358 1860 1599 1899 Abascantus
1639 1860 1756 1910 (item
1794 1860 1844 1898 ab
1880 1860 2106 1911 Luguduno
2150 1847 2162 1865 ’-

559 1930 710 1979 dictus)
740 1929 907 1966 Henzen
929 1929 1047 1967 6393.
2153 1973 2170 1981 —.

340 1998 394 2037 Hi
429 1998 552 2049 igitur
587 2010 723 2036 omnes
760 1998 1044 2035 adiectivorum
1073 2010 1097 2034 a
1125 1996 1225 2035 locis
1256 1996 1523 2035 derivatorum
1551 1997 1699 2047 formas
1728 2001 1941 2036 consuetas
1969 1997 2011 2035 in
2038 2009 2107 2036 no·
2139 1994 2169 2038 2³2]

338 2067 533 2113 minibus,
575 2078 678 2116 quae
715 2067 831 2104 liberi
868 2066 963 2103 facti
999 2078 1136 2116 gerere
1171 2065 1398 2112 voluerunt,
1438 2065 1614 2103 studiose
1651 2065 1887 2104 vitaverunt.
1946 2064 2108 2105 Dixerit

335 2141 468 2173 autem
498 2135 640 2184 aliquis
672 2135 833 2172 nomina
862 2134 930 2172 illa
960 2134 1104 2179 omnia,
1135 2146 1237 2183 quae
1266 2133 1384 2170 modo
1412 2132 1621 2183 adscripsi,
1650 2146 1722 2183 per
1751 2134 2024 2183 exceptionem
2050 2133 2107 2171 ita
2147 2123 2164 2181 f

334 2203 505 2241 formata
535 2215 635 2250 esse,
665 2203 808 2240 iustam
829 2215 921 2239 vero
952 2202 1278 2240 consuetudinem
1307 2202 1491 2251 exempla
1519 2201 1723 2239 nominum
1753 2202 1794 2240 in
1823 2214 1919 2240 anus
1948 2201 2107 2240 anobis

335 2271 558 2322 composita
586 2271 787 2321 praebere.
835 2270 912 2310 Sed
940 2270 1016 2307 tria
1035 2270 1275 2320 protulimus
1296 2270 1480 2319 exempla
1499 2270 1538 2307 in
1559 2269 1687 2308 indice
1708 2270 1836 2317 tertio,
1866 2281 1968 2320 quae
1987 2281 2106 2320 quem
2129 2268 2168 2315 ‘g

336 2340 387 2377 ad
408 2339 566 2378 modum
587 2339 719 2377 liberti
741 2339 906 2377 Aeclani
929 2337 1088 2387 Capuae
1108 2338 1274 2375 Venafri
1304 2338 1540 2388 oppidorum
1570 2337 1665 2375 dieti
1695 2343 1788 2375 sunt
1816 2337 2103 2376 demonstrant:
2147 2355 2170 2377 ,,

334 2409 519 2446 nimirum
549 2408 756 2445 Aeclanius
789 2407 1020 2456 Campanius
1046 2407 1312 2456 Venafranius,
1342 2418 1419 2442 non
1448 2406 1640 2443 Aeclanus
1671 2404 1891 2456 Campanus
1914 2405 2104 2456 Venafra-

333 2489 417 2523 nus,
448 2476 632 2514 videlicet
660 2480 702 2513 ut
722 2476 809 2525 ipsa
828 2479 887 2513 ius
909 2475 1180 2513 terminatione
1201 2474 1490 2524 gentiliciorum
1513 2474 1694 2511 sollemni
1709 2473 1881 2512 ⁴liberam
1901 2473 2103 2511 hominum

333 2545 491 2582 illorum
528 2544 796 2582 condicionem
833 2544 978 2581 diserte
1013 2543 1199 2580 indicent.
1257 2543 1392 2591 Atque
1425 2554 1510 2579 eam
1540 2555 1583 2579 re
1612 2554 1707 2579 vera
1734 2541 1857 2580 fuisse
1885 2541 1928 2580 in
1956 2541 2104 2580 talibus
2134 2534 2162 2563 'r

333 2613 560 2651 hominibus
601 2611 849 2650 nominandis
885 2611 1212 2649 consuetudinem
1244 2610 1397 2647 videtur
1433 2609 1550 2647 etiam
1581 2611 1751 2660 probare
1772 2609 1965 2648 Varronis
1994 2609 2104 2648 testi-
2139 2593 2159 2665 fg,

334 2681 509 2718 monium
547 2692 675 2730 neque
705 2680 754 2717 ab
785 2680 1004 2717 editoribus
1034 2692 1107 2717 nec
1137 2693 1160 2716 a
1190 2678 1295 2716 Guil.
1326 2678 1404 2715 Ad.
1437 2677 1651 2714 Beckero
1689 2677 1753 2726 (in
1785 2677 1999 2715 enchiridio
2028 2689 2102 2716 suo
2141 2683 2148 2719 ζ

333 2749 612 2799 antiquitatum
632 2748 902 2786 Romanarum
922 2747 964 2784 II
989 2749 1006 2784 1
1031 2759 1068 2796 p.
1087 2747 1139 2785 80
1161 2746 1249 2783 adn.
1272 2745 1368 2794 183)
1397 2745 1566 2783 feliciter
1594 2749 1824 2791 tractatum3
1854 2745 1964 2783 cuius
1993 2744 2102 2783 testi·
2122 2738 2125 2742 ⁴
2159 2741 2179 2766 ⁷·

335 2818 456 2856 monii
486 2817 719 2866 particulam
750 2829 872 2866 supra
901 2817 979 2853 iam
1009 2816 1050 2853 in
1081 2826 1195 2852 usum
1224 2814 1464 2852 vocavimus.
2150 2806 2151 2809 “

446 2885 649 2935 Exposuit
672 2885 774 2922 enim
792 2885 921 2922 Varro
953 2883 1025 2921 sub
1055 2883 1172 2920 finem
1201 2882 1292 2920 libri
1321 2881 1369 2919 de
1397 2881 1535 2931 lingua
1556 2880 1702 2919 Latina
1721 2881 1851 2919 octavi
1882 2880 1939 2930 (8,
1960 2881 2011 2919 41
2026 2880 2103 2931 ss.)

334 2957 374 2991 in
402 2954 623 2999 nominibus,
655 2965 751 3003 quae
781 2953 956 3001 differunt
985 2965 1010 2988 a
1039 2950 1244 2996 vocabulis,
1275 2950 1316 2987 id
1344 2955 1406 2987 est
1433 2949 1475 2986 in
1501 2949 1725 2987 nominibus
1750 2949 1926 2999 propriis
1947 2961 2107 2987 eorum·

334 3034 411 3070 que
442 3021 644 3069 derivatis,
675 3034 754 3059 non
785 3027 983 3058 servatam
1014 3031 1104 3056 esse
1123 3018 1361 3068 analogiam.
1407 3016 1531 3055 Cuius
1552 3017 1609 3054 rei
1630 3017 1782 3066 aliquot
1799 3017 1950 3068 profert
1969 3029 2102 3055 exem·

334 3091 421 3139 pla,
458 3102 560 3139 quae
590 3089 684 3127 olim
715 3089 899 3134 tractavi,
930 3088 994 3125 hic
1024 3084 1298 3125 vero’omitto.
1359 3085 1514 3123 Deinde
1544 3085 1641 3123 haec
1671 3091 1856 3123 secuntur
1885 3080 2155 3127 secundum
2199 3136 2202 3139 Δ

333 3157 475 3195 librum
506 3158 782 3196 Florentinum
813 3156 876 3194 hic
906 3169 929 3192 a
960 3169 1020 3193 me
1050 3155 1272 3204 perscripta
1300 3159 1339 3192 et
1368 3154 1406 3191 in
1437 3153 1575 3202 paucis
1607 3158 1774 3191 mutata:

539 3227 633 3264 Item
665 3238 760 3275 quae
791 3226 921 3263 dicunt
950 3224 997 3261 ab
1026 3224 1161 3261 Rhodo
1182 3223 1315 3260 Andro
1338 3222 1471 3272 Cyzico
1501 3222 1674 3259 Rhodius
1694 3221 1868 3259 Andrius
1891 3220 2102 3270 Cyzicenus,
2131 3237 2142 3279 ¹,
2206 3262 2213 3271 ,

539 3295 710 3332 similiter
734 3292 906 3343 Cyzicius
937 3293 1012 3330 clici
1042 3289 1236 3339 deberetl)
1269 3292 1359 3328 civis
1379 3291 1647 3338 unusquisque.
1691 3288 1793 3326 Nam
1812 3290 1914 3338 quod
1925 3287 1964 3338 ²)
1985 3287 2101 3325 Athe·

539 3374 654 3401 naeus
685 3362 823 3400 dicitur
852 3362 980 3399 rhetor
1008 3361 1154 3398 nomine
1184 3361 1252 3396 etsi
1279 3371 1354 3395 non
1383 3359 1435 3395 sit
1453 3357 1705 3402 Atheniensis,
1735 3358 1775 3393 in
1804 3356 1873 3396 boc
1901 3358 1984 3406 ipso
2006 3367 2099 3393 ana-
2117 3356 2141 3406 ὲ
