2222 3594
0 578 8 587 .
0 537 5 553 ,.
3 450 23 507 ww

984 1142 1592 1219 ADDITAMENTA

821 1326 921 1380 AD
959 1326 1237 1382 INDICES
1276 1327 1658 1382 VOLVMINIS
1697 1328 1735 1382 L

398 1752 523 1821 Cum
552 1787 644 1821 ante
663 1784 737 1821 hos
768 1783 904 1821 decem
935 1795 1061 1821 annos
1082 1783 1233 1822 indices
1251 1783 1465 1821 voluminis
1494 1783 1613 1834 primi
1633 1782 1901 1831 conficiebam,
1929 1794 2034 1834 opus

397 1852 524 1902 magis
554 1852 801 1890 laboriosum
834 1844 956 1902 'quam
975 1852 1142 1893 edoctum
1173 1852 1422 1902 primumque
1451 1851 1536 1889 eius
1563 1851 1730 1902 generis,
1768 1851 1811 1890 in
1846 1863 1926 1902 quo
1954 1862 2090 1893 versa

397 1921 530 1958 statim
560 1925 651 1970 post
678 1920 861 1970 plagulas
891 1920 1108 1970 impressas
1129 1919 1322 1970 quaedam
1351 1920 1508 1970 repperi
1527 1931 1629 1970 quae
1655 1919 1838 1959 adderem
1856 1911 2137 1972 οονῑίςετεπιῘ

396 2001 444 2026 ea
472 1988 677 2038 composui
713 1989 853 2026 ultima
887 1988 1061 2026 indicum
1097 1988 1243 2037 pagina
1273 1987 1404 2038 (646).
1461 1988 1556 2026 Alia
1583 1987 1726 2026 menda
1761 1993 1904 2039 postea
1931 1987 2124 2029 observ·-

395 2057 577 2107 inprimis
616 2062 746 2094 autem
774 2057 895 2095 index
924 2056 1205 2107 grammaticus
1234 2057 1314 2094 iam
1342 2063 1427 2094 tum
1455 2069 1535 2095 non
1563 2056 1757 2095 satisfecit
1784 2056 2026 2107 sensimque,
2093 2061 2096 2064 '
2118 2050 2136 2056 ⁴

395 2126 539 2163 iterum
569 2125 807 2175 tertiumque
851 2138 898 2163 eo
927 2125 1180 2175 potissimum
1229 2129 1319 2162 utor
1347 2125 1388 2162 in
1418 2125 1566 2163 scholis
1594 2125 1878 2176 grammaticis,
1926 2136 2007 2164 non
2034 2137 2075 2175 p

396 2193 666 2231 addendorum
682 2193 961 2232 demendorum
977 2193 1254 2231 mutandorum
1269 2193 1463 2231 succrevit
1478 2193 1633 2231 messis.
1665 2191 1827 2233 Scilicet
1846 2205 1935 2231 cum
1952 2205 1974 2232 e
1987 2193 2084 2232 coll
2102 2213 2116 2225 ·

395 2262 516 2300 tionis
536 2262 637 2312 lege,
659 2274 777 2312 quam
797 2262 893 2299 mihi
919 2262 1007 2308 feci,
1026 2261 1233 2312 complura
1252 2261 1431 2311 pluribus
1451 2260 1635 2311 ponenda
1663 2266 1776 2299 erant
1803 2261 1914 2309 locis,
1944 2261 2126 2311 acciditjzs

397 2342 497 2380 quos
531 2330 573 2368 in
601 2329 733 2368 indice
759 2329 1000 2380 perficiendo
1031 2329 1195 2367 adhibui
1224 2342 1368 2380 operae
1398 2335 1467 2367 aut
1496 2329 1672 2367 delerent
1706 2329 1904 2368 interdum
1933 2315 2129 2384 8011θά ,.“

396 2410 499 2448 quae
527 2398 670 2436 iterum
699 2403 813 2436 erant
849 2398 1112 2445 adhibendae,
1162 2403 1231 2436 aut
1267 2398 1403 2448 pravis
1431 2397 1528 2436 locis
1566 2397 1824 2446 collocarent3
1867 2409 2045 2448 quaeque

396 2470 551 2517 generis
584 2472 677 2505 sunt
705 2466 803 2504 vitia
833 2466 992 2504 similia.
1051 2466 1141 2504 Hoc
1170 2479 1250 2504 non
1279 2466 1366 2504 dico
1398 2470 1440 2504 ut
1468 2478 1530 2503 me
1559 2477 1744 2504 excusem
1774 2465 1884 2515 (nam
1913 2478 2044 2505 meum

397 2541 501 2573 certe
531 2547 669 2573 curare
705 2542 746 2572 ut
782 2534 880 2572 talia
909 2547 1118 2584 operarum
1156 2534 1255 2572 vitia
1290 2533 1547 2583 vitarentur),
1585 2534 1657 2572 sed
1695 2540 1740 2572 ut
1767 2533 1895 2572 sciant
1927 2533 1998 2583 qui

396 2608 558 2641 utuntur
594 2615 673 2641 non
721 2603 853 2640 omnia
894 2615 995 2652 quae
1030 2608 1097 2640 aut
1131 2603 1281 2640 omissa
1319 2607 1410 2640 sunt
1451 2609 1518 2640 aut
1550 2602 1665 2641 aliter
1707 2607 1827 2652 atque
1861 2607 2094 2653 expectav
2099 2589 2102 2592 ⁴

397 2671 591 2709 collocata
631 2671 812 2709 consulto
850 2671 1002 2709 omissa
1045 2683 1134 2708 esse
1163 2670 1419 2717 collocatam,
1456 2671 1526 2709 sed
1561 2670 1687 2708 errori
1717 2669 1909 2720 quaedam
1938 2661 2080 2708 tribu

397 2739 564 2776 Accedit
591 2739 698 2788 quod
726 2739 844 2789 paulo
874 2746 966 2789 post
994 2751 1096 2788 opus
1127 2738 1273 2777 editum
1303 2738 1422 2776 homo
1452 2738 1598 2788 aliquis
1620 2737 1872 2776 doctissimus
1901 2743 1940 2776 et
1966 2725 2103 2790 perq

397 2814 604 2845 accuratus
639 2812 772 2857 partes
808 2807 960 2856 aliquot
997 2806 1141 2844 indicis
1179 2806 1425 2857 grammatici
1461 2818 1615 2844 summa
1651 2818 1738 2844 cum
1774 2805 1981 2855 diligentia
2006 2817 2070 2844 ex·

397 2875 508 2913 navit
536 2886 800 2924 numerosque
830 2886 988 2922 omnes,
1024 2886 1124 2924 quos
1161 2875 1247 2923 ipse
1287 2874 1364 2912 sibi
1391 2875 1495 2912 inter
1533 2874 1742 2924 legendum
1771 2877 2014 2920 metaverat,
2061 2859 2119 2927 vs*

397 2943 564 2992 paravit.
623 2942 666 2980 Is
686 2955 958 2992 quaecumque
980 2949 1111 2980 errata
1129 2942 1280 2980 invenit
1298 2949 1381 2980 tum
1399 2954 1549 2980 mecum
1570 2941 1875 2980 communicavit
1892 2941 2123 2994 ἰιιῐθι·00.ῂ.μἸ
2145 2989 2151 2994 .
2189 2950 2196 2958 ’

397 3011 525 3049 amico
561 3011 754 3060 quodam;
791 3023 935 3048 nomen
971 3016 1102 3048 autem
1139 3022 1255 3048 suum
1290 3010 1331 3047 in
1367 3010 1567 3060 publicum
1604 3009 1774 3059 proferri
1811 3008 1950 3049 noluit.
2012 2998 2086 3046 1⁵

397 3091 622 3129 quanquam
663 3079 707 3116 in
743 3079 968 3117 universum
1011 3079 1078 3129 qui
1113 3079 1155 3117 in
1183 3085 1267 3116 arte
1294 3078 1551 3128 grammatica
1579 3079 1760 3127 occupati
1795 3088 1961 3127 corpore
1986 3064 2114 3205 ιμ’,..·..7

397 3147 546 3185 tionum
578 3151 743 3185 utuntur
772 3159 844 3185 suo
873 3147 958 3184 inre
978 3147 1115 3185 titulos
1135 3147 1246 3196 ipsos
1266 3146 1400 3196 potius
1431 3158 1549 3195 quam
1569 3144 1719 3183 indices
1739 3144 1995 3192 adhibebunt,
2055 3134 2075 3138 Ἣ

396 3215 602 3264 religionis
632 3215 729 3253 mihi
757 3215 887 3254 visum
916 3221 990 3262 est,
1020 3220 1063 3252 ut
1092 3227 1195 3264 quae
1224 3213 1468 3265 peccaverim
1498 3213 1664 3252 candide
1693 3213 1883 3251 confitear
1911 3210 2035 3250 effic'

397 3295 446 3320 ne
474 3283 675 3320 latitarent
702 3283 861 3321 omnino
893 3295 994 3334 quae
1030 3283 1148 3321 etiam
1176 3282 1288 3320 illam
1317 3281 1533 3320 voluminis
1570 3281 1689 3332 primi
1723 3284 1876 3331 partem
1905 3229 2092 3330 Ῑ>11ι111εἶιῗμῇ7

396 3348 601 3390 fectiorem
629 3350 905 3401 utilioremque
934 3350 1099 3389 reddere
1127 3354 1304 3400 possent.
2056 3333 2074 3352 ⁴
