2222 3594
0 1003 2 1006 *
71 981 310 1024 Scnmzws

70 1117 295 1159 Scarauvs

70 1525 254 1567 Smast

69 1865 263 1907 Sonanvs

0 3283 17 3594 zw'ffl‘Wussfss'fva-5-
0 3255 13 3266 Y
0 3213 5 3226 -·
0 3184 10 3198 Γ
0 3144 2 3146 ⁴
0 3080 10 3114 -κ-
0 3023 9 3069 νη..

661 254 871 295 QvAns'r.
897 253 1183 287 onom'ron.
1210 255 1243 287 1.
1768 240 1831 285 45

505 370 702 408 buendum
739 370 794 408 sit
826 369 1090 418 fragmentum
1127 381 1206 407 una
1239 374 1438 420 repertum
1475 381 1512 406 n.
1538 366 1637 415 129,
1672 368 1735 406 cui
1774 369 1833 406 in-

506 438 698 487 scriptum
734 444 796 475 est
837 424 1013 499 ξιιεΑΝιΑς
1050 436 1156 487 quod
1191 437 1226 474 si
1261 437 1317 474 ita
1355 442 1436 484 est,
1473 436 1648 474 virorum
1677 448 1834 486 quoque

505 517 647 543 nomen
663 503 908 544 Satricanius
922 505 1049 543 fuisse
1063 504 1295 555 putandum,
1311 517 1389 542 non
1407 503 1653 551 Satricanus,
1667 505 1835 543 Momm-

506 585 624 612 senus
653 574 828 612 adnotat.
888 572 1079 612 solebant
1106 572 1266 622 quidem
1295 573 1456 610 nomina
1484 573 1525 610 in
1555 575 1614 610 ius
1644 572 1748 622 (sive
1778 573 1834 621 io)

505 642 676 680 breviari
702 642 743 679 in
764 644 779 679 i
806 642 845 679 in
867 642 994 679 titulis
1014 641 1096 678 illis
1116 641 1409 686 Praenestinis;
1438 652 1532 678 casu
1553 647 1685 679 autem
1706 642 1835 692 primo

505 710 743 748 recentiores
764 710 844 748 fere
866 715 1040 755 utuntur,
1060 709 1244 760 genetivo
1265 709 1523 758 antiquiores.
1553 709 1692 758 Itaque
1707 710 1836 760 potuit

505 778 572 828 qui
609 777 762 816 Romae
798 776 1029 816 Satricanus
1065 775 1311 816 Satricanius
1342 776 1615 816 Praenestinis
1651 778 1747 823 dici;
1786 777 1836 815 de

506 844 715 884 Satricano
744 853 875 884 autem
904 846 1065 884 omnino
1094 858 1170 884 non
1200 845 1474 884 dubitandum.

396 912 594 953 Satricum
622 914 727 953 Latii
757 914 946 966 oppidum
976 919 1111 952 notum
1141 920 1214 952 est.

396 983 454 1021 M.
476 982 693 1021 &anianus
714 983 816 1021 Zosa
844 982 996 1021 Romae
1025 982 1168 1020 Mutat.
1190 981 1255 1027 29,
1277 981 1301 1020 2
1325 999 1373 1015 =
1398 981 1560 1021 Guasco
1581 995 1682 1021 mus.
1704 981 1833 1033 Capit.

505 1049 572 1098 20,
593 1051 638 1097 93
670 1050 770 1088 vidit
798 1050 1025 1089 Henzenus.

399 1118 586 1158 Scetanua
613 1118 774 1157 Horatii
812 1124 885 1157 sat.
911 1120 951 1166 1,
980 1120 1027 1166 4,
1058 1118 1133 1157 112
1166 1118 1347 1157 Bentleio
1381 1119 1583 1157 inauditus
1619 1131 1723 1157 nunc
1757 1120 1836 1157 alio

503 1187 681 1226 eiusdem
716 1187 868 1225 formae
902 1187 1084 1238 exemplo
1117 1187 1373 1226 confirmatur
1401 1199 1629 1237 quanquam
1660 1199 1736 1225 non
1766 1187 1834 1223 ho-

504 1255 636 1300 minis,
666 1255 736 1294 sed
764 1255 888 1302 fundi,
918 1256 984 1305 qui
1015 1255 1089 1293 fuit
1108 1254 1282 1294 Volceiis
1311 1255 1351 1293 in
1379 1254 1601 1305 Campania
1628 1255 1658 1292 1.
1681 1254 1731 1293 N.
1755 1253 1834 1292 216

504 1323 586 1372 (111
610 1323 692 1373 13).
752 1324 814 1361 Ita
843 1323 1115 1362 Mommsenus
1146 1324 1261 1374 legit;
1295 1329 1413 1361 antea
1443 1322 1650 1374 Spetianus
1680 1323 1836 1372 legeba-

505 1398 579 1429 tur.
638 1391 780 1441 Itaque
817 1392 915 1429 nihil
951 1391 1180 1429 mutandum
1220 1398 1281 1430 est
1315 1392 1355 1429 in
1386 1390 1543 1430 Horatii
1585 1391 1727 1438 satira,
1766 1390 1835 1428 sed

503 1459 683 1498 codicum
714 1460 951 1510 optimorum
982 1460 1180 1509 scriptura
1209 1460 1417 1498 servanda.

394 1521 550 1567 Λούκιος
578 1523 738 1573 Σηιανός
766 1522 999 1579 στρατηγός,
1033 1528 1087 1577 τῷ
1114 1528 1266 1577 Σηιανῷ
1295 1521 1518 1572 ὦκειώμενος
1554 1528 1618 1565 cui
1648 1527 1835 1566 Tiberius

504 1595 681 1646 pepercit
709 1594 789 1633 Dio
810 1595 877 1642 58,
901 1596 962 1634 19.
1021 1594 1112 1634 Nisi
1140 1596 1226 1634 eius
1258 1596 1403 1646 gentile
1432 1595 1514 1634 Dio
1545 1596 1679 1634 tacuit.

393 1663 538 1702 Seiana
558 1663 599 1701 Τ.
630 1664 655 1702 l.
683 1663 902 1702 Philumina
929 1664 1142 1703 Falerione
1162 1663 1325 1703 Colucci
1358 1665 1405 1702 A.
1427 1663 1476 1702 P.
1500 1665 1537 1711 3,
1559 1663 1637 1702 233
1661 1681 1709 1697 =
1732 1665 1835 1703 Mur.

508 1730 627 1777 1742,
652 1732 701 1769 14
724 1748 773 1763 =
796 1731 943 1770 Donat.
965 1731 1060 1779 427,
1085 1731 1147 1770 12.

393 1800 503 1839 Seius
533 1799 681 1851 gentile
710 1805 866 1846 notum3
896 1800 1025 1839 locum
1057 1800 1240 1839 similiter
1269 1805 1538 1851 nuncupatum
1568 1813 1646 1839 non
1675 1801 1779 1839 novi.

393 1868 526 1905 Barea
560 1867 735 1906 Soranus
770 1869 832 1906 vir
864 1868 996 1907 clarus
1032 1868 1146 1907 Paeti
1181 1868 1387 1908 Thraseae
1422 1870 1574 1907 amicus
1610 1870 1832 1919 ubicunque

502 1936 610 1987 apud
637 1936 820 1975 Tacitum
852 1937 1075 1975 accuratius
1104 1937 1319 1985 indicatur,
1356 1938 1391 1975 is
1420 1938 1579 1988 ponitur
1606 1938 1831 1976 nomencla-

502 2010 614 2043 turae
643 2005 763 2051 ordo,
792 2017 909 2054 quem
941 2004 1082 2055 scripsi
1110 2004 1219 2054 (ann.
1252 2005 1316 2052 12,
1346 2006 1417 2052 533
1451 2006 1513 2052 16,
1542 2005 1605 2044 21.
1636 2006 1708 2054 233
1739 2007 1831 2044 hist.

503 2073 548 2120 4,
574 2073 661 2122 10);
700 2073 766 2111 ubi
796 2073 969 2111 breviter
998 2079 1152 2111 tantum
1181 2080 1435 2120 memoratur,
1474 2073 1653 2114 Soranus
1683 2075 1832 2125 simpli-

502 2141 599 2179 citer
628 2141 772 2179 dicitur
801 2142 912 2191 (ann.
937 2141 1005 2186 16,
1027 2141 1092 2179 30.
1122 2141 1186 2180 32.
1214 2143 1287 2189 333
1318 2142 1410 2180 hist.
1433 2143 1477 2189 4,
1499 2142 1582 2192 40).
1642 2141 1834 2182 Similiter

501 2202 678 2264 Σωρανὸς
707 2215 767 2248 ter
796 2210 938 2248 dicitur
967 2209 1070 2248 nude
1100 2210 1140 2247 in
1166 2209 1310 2248 Dionis
1340 2211 1513 2261 epitome
1543 2209 1628 2260 (62,
1651 2209 1736 2260 26),
1766 2211 1832 2249 ubi

502 2289 610 2316 mors
645 2278 731 2316 eius
770 2283 965 2316 narratur.
1031 2277 1162 2316 Barea
1200 2285 1338 2316 contra
1374 2278 1555 2317 Iuvenali
1592 2279 1653 2317 bis
1690 2279 1833 2316 dicitur

503 2345 561 2395 (3,
590 2345 667 2384 116
696 2348 834 2384 stoicus
866 2347 1003 2384 occid-it
1027 2346 1197 2384 Baream
1226 2353 1266 2384 et
1295 2347 1333 2393 7,
1354 2346 1402 2385 91
1436 2354 1471 2385 et
1497 2346 1686 2396 Baream)
1715 2359 1831 2385 versu

502 2418 599 2463 puto
633 2421 809 2464 cogente.
873 2413 1067 2453 Secuntur
1096 2414 1262 2452 eundem
1293 2426 1407 2453 usum
1444 2415 1595 2453 scholia
1628 2415 1831 2452 Iuvenalis

501 2482 564 2519 bis
595 2481 666 2531 (ad
690 2483 725 2528 1,
748 2482 798 2520 33
830 2487 869 2520 et
898 2483 936 2529 3,
961 2482 1076 2533 116);
1108 2483 1231 2520 semel
1260 2482 1329 2532 (ad
1354 2484 1388 2529 1,
1412 2483 1461 2520 33
1494 2483 1711 2522 secundum
1739 2483 1831 2520 Iah-

502 2549 623 2598 nium,
657 2551 692 2596 1,
713 2550 765 2588 47
787 2551 1006 2589 secundum
1035 2550 1159 2588 libros
1190 2550 1380 2600 scriptos)
1410 2551 1489 2589 duo
1518 2551 1677 2589 nomina
1705 2552 1746 2588 in
1766 2552 1830 2589 iis-

503 2618 592 2655 dem
627 2626 827 2668 ponuntur
863 2624 980 2669 atque
1016 2619 1091 2657 hoc
1125 2618 1284 2668 quidem
1313 2619 1450 2657 ordine
1480 2617 1659 2658 Soranus
1687 2618 1831 2657 Barea.

503 2685 569 2723 Ex
604 2698 725 2725 causa
760 2687 865 2733 eius,
904 2699 1023 2737 quam
1059 2692 1143 2724 arte
1179 2687 1403 2725 admirabili
1439 2687 1604 2725 Tacitus
1641 2687 1830 2733 narravit,

501 2754 626 2792 filiam
646 2755 748 2801 eius,
777 2755 900 2793 Annii
919 2755 1116 2793 Pollionis
1136 2768 1315 2802 uxorem,
1339 2753 1549 2794 Serviliam
1570 2755 1694 2793 fuisse
1714 2755 1832 2792 disci-

503 2835 603 2860 mus.
672 2822 771 2860 Inde
809 2824 912 2873 patri
949 2835 1108 2873 quoque
1146 2821 1306 2862 Servilii
1343 2835 1487 2861 nomen
1523 2823 1671 2874 gentile
1706 2823 1833 2860 fuisse

502 2889 660 2928 fuerunt
698 2892 766 2940 qui
801 2896 1011 2941 ponerent3
1051 2891 1121 2929 sed
1159 2904 1232 2929 nec
1260 2891 1506 2942 Borghesius
1542 2890 1607 2939 (in
1635 2891 1751 2929 fastis
1781 2891 1831 2928 ad

505 2970 540 2995 a.
563 2957 629 3006 52,
663 2972 743 3009 quo
773 2971 876 2996 anno
907 2957 1085 2998 Soranus
1114 2971 1195 2997 cos.
1227 2959 1303 2997 suf.
1335 2959 1435 3008 erat)
1466 2971 1537 2996 nec
1564 2972 1690 3009 nuper
1709 2958 1831 2996 Wad-

503 3025 732 3077 dingtonius
763 3027 822 3076 (in
852 3027 965 3064 fastis
986 3027 1276 3076 provinciarum
1298 3027 1421 3064 Asiae
1451 3039 1489 3076 p.
1515 3026 1605 3073 135,
1634 3026 1700 3064 ubi
1720 3032 1832 3064 cante

504 3093 602 3131 haec
638 3094 908 3143 pronuntiavit
943 3092 1007 3131 ‘on
1042 3107 1088 3131 ne
1123 3097 1274 3132 commit
1307 3107 1382 3143 pas
1421 3107 1489 3132 son
1525 3106 1668 3132 nomen
1706 3094 1832 3144 genti-

504 3161 657 3207 licium;
699 3161 732 3199 le
766 3174 850 3198 nom
887 3163 932 3198 de
968 3174 1013 3198 sa
1041 3161 1124 3211 fille
1149 3163 1274 3210 serait
1300 3174 1484 3211 supposer
1513 3161 1606 3211 qu'il
1632 3161 1832 3212 s’appelait

505 3225 743 3278 Servilius’)
786 3229 822 3266 ei
864 3228 1041 3279 opinioni
1075 3229 1230 3267 assensi
1267 3235 1377 3275 sunt;
1411 3233 1535 3276 recte,
1570 3242 1661 3268 nam
1698 3230 1831 3268 variae

506 3295 671 3345 cogitari
714 3302 880 3345 possunt
920 3309 1085 3343 causae,
1129 3297 1271 3346 quibus
1309 3297 1413 3335 filiae
1452 3310 1597 3336 nomen
1631 3297 1830 3336 diversum

506 3363 629 3401 fuisse
658 3377 683 3402 a
711 3363 835 3414 patris
866 3364 1101 3415 explicatur.
1161 3365 1216 3402 At
1244 3369 1377 3414 potest
1405 3376 1501 3403 sane
1531 3364 1710 3405 Soranus
1741 3377 1832 3416 cog-
