2222 3594
109 1739 113 1746 ¹
140 1746 310 1779 Decurio-

98 1791 102 1795 ’
154 1796 297 1828 1111111111

158 1845 286 1887 oppido

155 1894 298 1926 domici-

183 1944 269 1976 lium

159 2153 289 2195 Pignus

155 2207 291 2243 captum

148 2261 169 2283 a
194 2251 294 2283 decu-

177 2301 275 2333 rione

332 247 428 294 134
504 273 519 291 ι
907 261 1317 297 ΑΒΒ1ΤΑΜΕΝΤνΜ
1339 263 1452 297 von.
1479 264 1518 296 11

326 376 389 413 cia
417 376 637 414 ordinanda
666 381 844 414 sanctum
874 389 976 424 esse,
1008 378 1152 428 quibus
1183 379 1230 417 de
1260 380 1391 417 causis
1421 379 1462 417 in
1491 385 1630 418 senatu
1660 379 1729 429 qui
1750 386 1886 417 essent
1910 391 1934 417 a
1954 386 2092 418 censo-

327 444 436 482 ribus
472 443 762 494 eicerentur¹),
804 445 855 483 ad
894 446 1115 484 censoriam
1152 447 1200 484 de
1238 448 1487 485 senatoribus
1525 448 1721 485 notionem
1761 458 1996 497 expressum
2033 453 2095 486 est

327 517 367 549 et
402 513 452 549 ab
488 513 635 550 iudicio
670 513 830 562 publico
867 514 1031 552 huiusce
1067 514 1168 564 legis
1199 515 1412 553 diversum.
1473 514 1627 563 Quibus
1659 515 1707 552 de
1736 515 1869 553 causis
1899 515 2094 554 eiusmodi

327 580 528 618 accusatio
556 581 642 618 fieri
671 582 863 631 potuerit,
898 595 949 619 ex
976 582 1077 632 legis
1107 582 1285 632 reliquiis
1314 596 1395 620 non
1426 589 1603 633 apparet,
1634 583 1782 633 quippe
1810 594 1911 632 quae
1939 589 2095 633 praeter

326 655 446 698 caput
479 648 578 686 illud
611 649 793 698 generale
829 662 908 687 non
944 650 1116 688 habeant
1149 651 1228 688 nisi
1264 651 1342 688 duo
1379 651 1459 688 alia
1487 650 1666 689 CXXIII
1702 651 1749 689 de
1779 651 2027 689 absolutione
2056 655 2095 690 et

328 714 509 754 CXXIV
539 717 587 754 de
616 718 805 767 praemiis
836 723 1109 755 accusatorum
1140 719 1179 755 in
1209 718 1354 756 iudicio
1386 719 1433 756 de
1460 719 1707 768 indignitate.
1757 717 1943 769 Capitum
1964 725 2094 758 autem
2129 752 2139 761 ,
2171 720 2183 733 ”“

327 784 427 822 ordo
462 785 537 822 etsi
575 786 710 823 multis
747 786 846 823 locis
883 786 924 823 in
960 786 1034 823 hac
1070 785 1158 836 lege
1187 798 1282 829 casu
1312 787 1437 836 magis
1467 799 1584 836 quam
1617 787 1783 824 consilio
1811 786 1976 825 effectus
2005 799 2095 826 esse

327 853 500 900 videtur,
536 853 633 890 haec
663 867 684 891 e
713 855 911 891 contrario
941 854 997 891 ita
1026 861 1256 903 comparata
1284 866 1373 892 esse
1403 855 1600 902 invenies,
1632 854 1804 892 maxime
1834 855 1982 893 collata
2009 855 2094 904 lege

325 921 647 971 repetundarum,
678 922 742 959 ubi
774 922 956 960 similiter
985 921 1115 971 agitur
1145 922 1194 959 de
1222 935 1291 960 reo
1321 922 1563 960 absolvendo
1595 935 1628 959 v.
1653 923 1718 961 54.
1741 923 1807 968 55,
1836 923 1885 960 de
1908 923 2094 973 praemiis
2155 939 2214 990 χῖ

326 995 602 1028 accusatorum
638 990 679 1027 in
718 995 898 1028 extrema
933 990 1019 1041 lege
1055 1003 1090 1027 v.
1121 991 1263 1039 76sq.,
1302 997 1346 1028 ut
1380 990 1567 1029 iudicium
1603 991 1652 1028 de
1685 990 1918 1040 indignitate
1957 990 2095 1029 ordine

326 1057 550 1107 expositum
581 1057 706 1096 fuisse
736 1058 917 1096 videatur
946 1071 969 1096 a
999 1070 1031 1095 e.
1055 1056 1129 1096 CV
1148 1058 1199 1095 ad
1226 1057 1420 1104 CXXIV,
1451 1059 1619 1109 primum
1650 1071 1786 1096 eorum
1817 1065 2094 1108 postremaque

326 1125 404 1162 duo
435 1138 666 1175 superesse,
695 1126 825 1164 media
855 1126 1102 1164 intercidisse
1132 1132 1171 1163 et
1199 1127 1240 1163 in
1270 1126 1331 1164 his
1362 1139 1572 1165 causarum
1600 1126 1848 1177 indignitatis
1879 1126 2095 1165 enarratio-

326 1207 428 1232 nem.
488 1193 606 1242 Quod
643 1194 678 1232 si
714 1194 770 1232 ita
805 1200 885 1240 est,
922 1207 1023 1244 quae
1053 1199 1268 1244 supersunt
1297 1195 1426 1243 prima
1453 1195 1575 1233 verba
1603 1207 1636 1232 c.
1659 1193 1751 1233 CVI
1781 1207 1870 1233 cum
1899 1200 2020 1245 agant
2047 1194 2096 1232 de

325 1263 469 1300 colono
499 1262 568 1312 qui
598 1267 753 1300 coetum
784 1268 1023 1300 conventum
1053 1262 1366 1300 coniurationem
1394 1263 1532 1301 fecerit
1560 1262 1724 1312 (quibus
1750 1263 1881 1301 verbis
1910 1263 2096 1301 maiesta-

324 1331 377 1368 tis
408 1331 557 1368 crimen
580 1331 737 1368 videtur
766 1330 1001 1380 significari)
1016 1329 1069 1380 2),
1099 1331 1269 1368 fortasse
1299 1331 1339 1368 id
1368 1331 1500 1381 ipsum
1529 1331 1812 1369 numerabatur
1831 1331 1934 1369 inter
1953 1341 2104 1373 causas,
2215 1331 2222 1335 ”

325 1398 585 1448 indignitatis.
615 1422 666 1426 —
704 1397 887 1437 Ceterum
925 1399 1032 1448 quod
1068 1399 1134 1437 lex
1173 1399 1395 1436 accusatori
1430 1399 1641 1449 permittit,
1678 1399 1712 1436 si
1740 1400 1827 1449 ipse
1855 1399 2014 1437 decurio
2043 1399 2097 1436 sit

324 1467 534 1517 locumque
570 1468 610 1504 in
647 1467 785 1504 ordine
818 1467 1047 1504 inferiorem
1086 1479 1206 1516 quam
1244 1467 1279 1504 is
1316 1480 1433 1517 quem
1462 1473 1622 1518 accusat
1656 1472 1808 1515 teneat,
1842 1468 1885 1505 in
1913 1467 2094 1505 condem-

326 1536 409 1573 nati
438 1536 568 1573 locum
598 1541 641 1573 ut
670 1535 875 1582 succedat,
913 1547 1146 1584 expressum
1183 1542 1244 1573 est
1278 1549 1329 1573 ex
1358 1535 1510 1585 legibus
1539 1535 1751 1582 Romanis,
1789 1547 1954 1585 quarum
1982 1546 2096 1585 prae·
2155 1523 2181 1563 ’Ἀ

325 1604 416 1641 miis
446 1610 698 1642 accusatores
727 1606 960 1653 praetoriam
989 1606 1208 1641 sententiam
1238 1610 1271 1641 et
1294 1611 1530 1653 praetextam
1559 1610 1683 1654 toyam
1707 1604 1896 1654 consequi
1915 1604 2095 1654 potuisse

327 1671 520 1722 Cicero³)
551 1677 733 1710 testatur.
1951 1669 1954 1672 ⁴

438 1740 505 1778 Ex
541 1741 629 1790 ipso
659 1741 798 1778 harum
828 1740 1053 1778 tabularum
1082 1740 1278 1791 principio
1308 1741 1544 1790 perspicitur
1573 1727 1824 1778 decurionem
1855 1739 2095 1778 domicilium

328 1809 473 1846 habere
503 1809 731 1858 oportuisse
759 1809 800 1846 in
830 1809 977 1859 oppido
1007 1809 1222 1858 propiusve
1251 1808 1290 1845 id
1321 1809 1511 1859 oppidum
1540 1821 1578 1858 p.
1600 1809 1654 1855 M,
1684 1814 1728 1846 ut
1747 1808 1913 1858 quinon
1933 1808 2096 1846 haberet
2150 1798 2210 1818 ”’

326 1877 439 1915 annis
458 1877 497 1915 V
516 1877 711 1926 proximis
741 1882 952 1926 postquam
984 1877 1144 1914 decurio
1173 1876 1303 1914 factus
1333 1884 1416 1924 est,
1447 1877 1530 1915 eius
1561 1889 1703 1915 nomen
1733 1877 1781 1914 de
1813 1876 2094 1915 decurionibus

328 1945 580 1983 eximendum
616 1958 753 1982 curare
783 1945 903 1982 IIviri
938 1944 1179 1983 iuberentur.
1239 1944 1442 1995 Oppidum
1476 1949 1612 1983 notum
1642 1950 1704 1983 est
1731 1945 1782 1982 ab
1813 1945 1909 1982 urbe
1927 1945 1995 1982 vita
2023 1943 2096 1982 dif-
2154 1931 2215 1987 11³

327 2014 452 2061 ferre,
482 2020 525 2052 ut
554 2027 579 2051 a
608 2013 856 2051 senatoribus
887 2013 1074 2051 differunt
1102 2013 1354 2059 decuriones;
1392 2013 1637 2064 significatur
1664 2014 1720 2051 ita
1747 2013 1860 2051 locus
1888 2012 2095 2050 moenibus

329 2081 596 2131 conclusus4)
626 2081 817 2120 vocabulo
854 2081 984 2118 minus
1020 2081 1237 2119 honorifico
1273 2087 1312 2119 et
1346 2087 1556 2132 propterea
1583 2082 1624 2119 in
1654 2081 1822 2119 coloniis
1851 2080 2096 2131 municipiis·
2132 2062 2211 2131 τῖ’

327 2163 405 2200 que
429 2150 625 2188 sollemni.
676 2148 907 2187 Clausulam
936 2149 1048 2187 illam
1078 2161 1127 2186 eo
1155 2135 1326 2197 tendere,
1357 2156 1400 2187 ut
1428 2149 1587 2187 decurio
1617 2149 1658 2187 in
1688 2149 1837 2188 curiam
1866 2153 2030 2186 vocatus
2059 2147 2095 2186 si
2142 2150 2146 2154 ’
2172 2134 2174 2138 ⁸
2198 2146 2212 2154 “

327 2219 386 2256 ire
415 2218 549 2265 nollet,
579 2223 762 2268 prompte
792 2218 882 2268 cogi
909 2224 1048 2266 posset
1076 2231 1100 2255 a
1122 2217 1252 2255 IIviro
1284 2218 1449 2268 pignore
1478 2223 1595 2268 capto
1623 2218 1692 2255 lex
1714 2212 1939 2268 ‘significat5
1969 2227 2095 2266 neque
2211 2263 2213 2265 ,

326 2286 506 2337 ignotum
542 2294 604 2324 est
640 2285 836 2324 eiusmodi
871 2285 933 2324 ius
967 2286 1227 2336 magistratus
1263 2285 1452 2324 adversus
1490 2289 1712 2324 senatorem
1740 2285 2026 2336 infrequentem
2042 2283 2113 2340 5).Ι
2151 2274 2202 2325 {ff

429 2528 459 2568 l)
498 2528 632 2560 Plinius
659 2538 713 2570 ep.
739 2529 783 2560 ad
810 2529 903 2561 Trai.
927 2529 1007 2560 114.
1030 2528 1110 2560 115.

429 2588 461 2630 2)
499 2589 553 2622 Cf.
579 2589 661 2631 Dig.
688 2590 752 2629 48,
773 2591 813 2630 4,
835 2591 873 2629 1,
897 2592 934 2622 1:
969 2589 1153 2621 maiestatis
1185 2589 1306 2620 crimen
1333 2612 1364 2620 ..
1392 2593 1441 2620 est
1465 2611 1474 2620 .
1490 2612 1499 2620 .
1515 2612 1523 2620 .
1550 2599 1612 2631 quo
1639 2592 1749 2621 coetus
1774 2593 1990 2621 conventusve
2006 2587 2092 2631 fian
2157 2591 2160 2597 ’

325 2652 349 2684 l.
368 2653 409 2684 4:
435 2651 593 2694 cuiusque
619 2650 697 2691 doio
722 2650 809 2683 malo
836 2650 980 2682 iurando
1007 2651 1081 2694 quis
1106 2649 1248 2682 adactus
1271 2654 1329 2689 est,
1358 2661 1420 2692 quo
1447 2649 1609 2681 adversus
1632 2660 1700 2681 rem
1718 2648 1891 2693 publicam
1906 2649 2034 2692 saciat.

430 2711 463 2753 ³)
500 2713 571 2745 Pro
596 2712 707 2745 Balbo
734 2713 798 2752 25,
827 2712 884 2745 57.
934 2712 1019 2744 Dixi
1052 2712 1094 2744 de
1127 2712 1199 2744 eius
1225 2712 1318 2744 modi
1344 2712 1503 2753 praemiis
1529 2712 1573 2743 ad
1599 2712 1684 2753 legis
1709 2711 1972 2753 repetundarum
1998 2721 2029 2743 v.
2048 2708 2092 2743 7⁷

329 2774 369 2806 C.
389 2775 418 2806 I.
436 2775 475 2806 L.
494 2775 513 2806 I
539 2785 574 2816 p.
595 2776 641 2806 70

430 2834 463 2875 4)
502 2837 616 2868 Varro
643 2835 683 2875 5,
714 2836 800 2868 141:
834 2845 966 2867 moenus
998 2846 1060 2878 quo
1093 2832 1290 2878 saepiebant
1321 2832 1488 2877 oppidum.
1538 2834 1607 2866 Pro
1634 2844 1675 2866 eo
1702 2833 1794 2876 quod
1820 2834 1932 2866 estin
1956 2843 2034 2866 aere
2052 2831 2095 2868 :in
2148 2854 2156 2865 ,»
2200 2878 2202 2880 v

327 2908 368 2929 ea
399 2897 462 2929 eol.
490 2896 614 2940 oppido
646 2901 736 2929 recte
769 2897 892 2939 opinor
916 2896 1089 2938 Berlanga
1121 2895 1315 2928 emendavit
1345 2895 1381 2927 in
1413 2896 1483 2927 eius
1507 2894 1685 2935 col(oniae)
1711 2894 1853 2938 oppido,
1887 2905 1966 2927 nam
1992 2894 2095 2926 etiam
2152 2893 2196 2937 ⁸

329 2960 371 2999 3,
392 2958 436 2991 37
466 2963 517 2991 est
549 2968 633 3002 quae
665 2968 772 3001 aquae
795 2958 831 2990 in
857 2957 980 3001 oppido
1008 2957 1185 2997 colon(iae)
1216 2955 1419 2997 Gen(etivae)
1446 2955 1662 2989 adducentur.
1712 2957 1822 2989 Plane
1846 2956 1957 2988 simile
1982 2960 2095 2988 tamen

328 3020 494 3052 eiusmodi
525 3020 709 3052 locutionis
741 3020 934 3061 exemplum
971 3019 1053 3051 alibi
1085 3029 1156 3051 non
1187 3019 1339 3060 repperi,
1377 3019 1457 3050 licet
1490 3027 1577 3060 quae
1611 3018 1653 3049 de
1688 3018 1817 3060 oppido
1848 3017 2091 3050 Britannorum

329 3081 457 3113 Caesar
482 3082 514 3113 b.
535 3081 626 3115 Gall.
647 3081 679 3122 5,
700 3082 744 3113 21
771 3081 887 3121 habet,
915 3080 1170 3123 quodammodo
1197 3080 1299 3111 etiam
1326 3080 1481 3112 coloniae
1507 3079 1635 3121 oppido
1661 3079 1928 3120 patrocinentur.

430 3141 461 3183 ⁵)
500 3142 552 3175 Cf.
579 3143 653 3175 Liv.
675 3143 714 3183 3,
735 3143 800 3175 38:
821 3147 959 3186 patrum
984 3141 1077 3174 haud
1090 3141 1169 3184 fere
1195 3142 1366 3184 quisquam
1391 3141 1426 3172 in
1441 3140 1542 3182 foro,
1570 3141 1606 3172 in
1632 3138 1712 3172 urbe
1735 3140 1814 3172 rari
1836 3143 1950 3172 erant:
1983 3136 2092 3180 indiq-
2138 3119 2181 3178 ''J-2

327 3204 431 3236 nitate
455 3213 564 3236 rerum
591 3208 760 3236 cesserant
783 3204 818 3235 in
844 3214 947 3246 ayros
972 3227 980 3235 .
996 3228 1004 3235 .
1019 3228 1027 3235 .
1042 3228 1049 3235 .
1071 3207 1250 3246 postquam
1275 3202 1373 3235 citati
1395 3213 1460 3234 non
1485 3200 1735 3242 conveniebant,
1764 3200 1895 3233 dimissi
1918 3201 2011 3232 circa
2035 3197 2093 3230 do-

327 3275 396 3296 mos
429 3265 642 3308 apparitores
674 3264 772 3297 simul
803 3264 850 3297 ad
873 3265 1025 3308 piqnora
1049 3263 1215 3308 capienda
1238 3262 1553 3306 sciscitandumque,
1590 3274 1665 3295 num
1693 3262 1840 3295 consulto
1866 3261 2093 3294 detrectarent.
2184 3255 2195 3265 '⁵
2221 3270 2222 3290 ÷

327 3325 475 3367 referunt
507 3330 653 3359 senatum
685 3327 722 3358 in
755 3327 850 3370 aqrie
880 3336 960 3359 esse.
1017 3325 1072 3358 De
1103 3326 1209 3358 multa
1241 3325 1391 3357 senatori
1424 3329 1564 3367 propter
1593 3324 1855 3366 infrequentiam
1888 3319 2095 3364 iniungenda

329 3387 491 3420 dixerunt
515 3387 649 3421 Becker
675 3393 709 3421 et
732 3388 936 3431 Marquardt
962 3387 1091 3420 enchir.
1111 3389 1144 3427 2,
1166 3388 1198 3428 2,
1218 3387 1301 3420 406.
1330 3388 1363 3427 2,
1384 3387 1417 3427 3,
1437 3385 1519 3418 225.
