2222 3594
61 561 278 601 mecvs

60 833 167 874 ers
173 843 306 873 τως

649 244 860 285 QVAEST.
886 243 1176 278 onom-1:01..
1201 245 1235 278 1.
1757 232 1819 278 51

395 358 558 398 Vecilius
592 364 633 397 et
665 358 835 397 fortasse
871 358 1082 397 Vecellinus
1117 358 1192 409 (de
1228 372 1307 410 quo
1342 360 1488 399 dictum
1523 359 1566 397 in
1596 358 1771 397 Hermae
1800 360 1825 398 5

385 439 425 477 p.
445 426 527 465 474
555 431 596 465 et
623 426 647 464 6
676 439 714 477 p.
738 426 862 476 384),
891 438 918 464 a
943 428 1005 465 vic
1030 426 1181 466 Viccius
1197 427 1236 477 ¹)
1264 427 1441 466 Vicasius
1470 428 1636 467 Vicin’us
1662 427 1825 466 Vicrius.

385 493 463 532 His
493 505 594 544 quos
622 494 760 532 ultimo
788 494 879 533 loco
907 494 1027 545 posui
1055 495 1234 545 proxime
1263 496 1417 534 accedit
1443 495 1646 534 Vicranus.

390 561 448 600 M.
481 562 671 612 Vipsanus
699 562 758 599 M.
789 562 815 600 l.
844 561 1014 600 Faustus
1043 561 1245 601 Flanonae
1273 563 1315 601 in
1339 563 1548 601 Dalmatia
1576 561 1621 602 C.
1641 563 1674 601 Ι.
1694 562 1742 601 L.
1761 562 1827 601 ΙΙΙ

497 630 599 668 3031
634 630 926 680 (Mommsenus
957 630 1088 680 vidit).

351 698 353 703 ⁴
396 697 567 748 Vipsana
602 697 756 736 Sur-illa
783 698 832 736 'in
870 698 1005 736 insula
1038 698 1264 737 Dalmatiae
1302 699 1454 738 Pharia
1489 699 1621 750 (nune
1656 699 1826 749 Lesina)

497 764 543 804 C.
565 765 599 803 I.
619 764 668 804 L.
689 766 756 804 ΙΙΙ
776 765 885 804 3084
914 765 1160 817 (exemplum
1189 773 1249 805 eet
1277 765 1471 818 Cyl-iaci).

397 833 606 884 Vipstanus
639 833 778 872 Gallus
807 839 968 885 praetor
995 847 1033 872 a.
1058 834 1106 873 17
1138 834 1243 886 apud
1273 835 1456 874 Tacitum
1485 848 1575 892 ann.
1597 835 1636 883 2,
1657 836 1722 874 51.

384 900 436 940 L.
467 901 673 952 Vipstanus
709 901 905 941 Publicola
939 914 1022 941 cos.
1060 915 1096 940 a.
1118 902 1170 942 48
1207 903 1311 954 apud
1342 903 1525 942 Tacitum
1561 917 1651 942 ann.
1682 905 1746 951 11,
1773 903 1824 942 23

494 976 535 1008 et
561 969 634 1008 filii
662 970 749 1008 eius

390 1036 435 1076 C.
466 1037 670 1088 Vipstanus
699 1037 948 1089 Apronianus
977 1050 1060 1078 cos.
1090 1052 1127 1077 a.
1149 1039 1200 1077 59
1229 1045 1271 1078 et

386 1105 429 1144 C.
454 1105 659 1156 Vipstanus
678 1106 889 1153 Publicola,
908 1107 957 1146 de
976 1107 1119 1157 quibus
1139 1106 1320 1146 videatur
1338 1107 1574 1159 Nipperdeii
1594 1108 1643 1147 ad
1664 1122 1755 1147 ann.
1775 1110 1821 1147 11

497 1173 715 1213 adnotatio.

395 1242 602 1292 Vipstanus
621 1242 812 1281 Messalla
841 1248 975 1282 orator
1000 1250 1120 1282 notus
1140 1250 1202 1282 est
1224 1256 1275 1282 ex
1295 1243 1472 1294 dialog03
1502 1245 1595 1283 item
1615 1245 1722 1284 filius
1741 1246 1826 1285 eius

386 1309 437 1348 L.
467 1310 673 1360 Vipstanus
702 1310 894 1349 Messalla
923 1323 1005 1350 cos.
1036 1324 1071 1358 a.
1098 1313 1189 1351 115.
1246 1312 1438 1351 Eiusdem
1467 1314 1597 1364 gentis
1626 1318 1687 1352 est

386 1377 437 1416 L.
468 1378 674 1427 Vipstanus
703 1377 753 1416 L.
780 1380 817 1427 s.
848 1379 1043 1417 Publicola
1071 1379 1257 1418 Messalla
1287 1381 1326 1418 in
1356 1380 1471 1418 titulo
1499 1380 1659 1420 Gabino
1688 1395 1723 1420 a.
1748 1382 1826 1420 140

499 1446 643 1484 Marini
673 1447 767 1484 Arv.
793 1446 883 1485 101.
908 1447 999 1494 114,
1021 1448 1086 1486 35.

392 1513 436 1552 C.
458 1513 702 1564 Vipsfflanus
722 1514 910 1564 Eup[lus]
931 1522 964 1553 et
990 1515 1214 1566 Vips[t]ana
1235 1516 1270 1554 T
1263 1517 1355 1566 yche
1375 1516 1527 1555 Romae
1548 1516 1664 1556 Grut.
1686 1518 1780 1564 580,
1801 1517 1825 1556 8

497 1594 519 1619 e
538 1581 702 1620 Knibbii
731 1582 899 1622 schedis.
954 1583 1156 1633 Vipstanus
1188 1585 1375 1635 Vipsiana
1393 1585 1547 1635 Eupius
1575 1585 1797 1624 traduntur.

386 1649 446 1687 M.
475 1649 683 1700 Vipstanus
717 1650 777 1688 M.
814 1649 859 1688 C.
895 1650 1084 1701 leber-tus)
1119 1651 1270 1691 Fuscus
1306 1652 1458 1692 Romae
1494 1652 1608 1692 Grut.
1638 1653 1759 1701 1001,
1787 1654 1825 1693 6.

496 1717 664 1756 Videtur
691 1718 865 1768 genuina
893 1730 997 1758 esse.

394 1774 584 1835 Vipstana
603 1785 733 1824 Atthis
759 1787 803 1825 in
827 1787 944 1826 titulo
973 1789 1102 1827 musei
1120 1787 1304 1827 Vaticani
1334 1789 1546 1839 descripsit
1564 1789 1795 1829 Henzenus.

386 1851 438 1891 L.
464 1850 700 1903 *Vipstanus
735 1853 972 1906 (Vitspanus
1001 1856 1194 1906 traditur)
1230 1856 1424 1896 Secundus
1459 1857 1679 1897 Beneventi
1714 1858 1745 1896 1.
1774 1857 1827 1897 N.

498 1919 604 1960 1785
632 1921 816 1961 lectionis
843 1936 924 1962 non
954 1924 1052 1964 satis
1079 1930 1223 1963 certae.

386 1988 602 2028 Praeterea
628 1991 807 2029 consulis
835 2004 871 2029 a.
893 1992 945 2031 59
974 1992 1106 2032 liberti
1135 1999 1322 2043 quattuor
1346 1994 1525 2044 Vipstani
1550 1994 1592 2032 in
1621 1994 1737 2033 titulo
1765 2008 1828 2033 ur·

387 2057 491 2095 bano
519 2058 647 2096 musei
673 2056 891 2109 Capitolini
920 2059 1100 2100 Fabretti
1122 2060 1215 2109 215,
1237 2062 1314 2100 551
1340 2079 1389 2095 =
1413 2061 1576 2102 Guasco
1605 2075 1706 2101 mus.
1727 2061 1827 2113 Cap.

387 2123 481 2173 962,
511 2138 627 2176 quem
657 2125 872 2166 Henzenus
901 2128 1012 2167 vidit.

443 2191 595 2232 Gentes
625 2193 726 2232 duas
753 2195 881 2234 fuisse
911 2196 1090 2235 diversas
1118 2197 1343 2247 Vipsanium
1370 2197 1478 2247 (vide
1497 2198 1619 2249 infra)
1649 2205 1689 2237 et
1719 2199 1828 2249 Vips-

389 2267 516 2300 tanam
551 2263 759 2313 perspexit
786 2263 980 2303 Marinius
1015 2264 1132 2314 (Arv.
1167 2265 1245 2304 100
1274 2273 1314 2304 et
1345 2267 1443 2313 114,
1474 2266 1572 2316 37);
1607 2267 1686 2305 iam
1716 2274 1828 2318 quat-

387 2335 478 2367 tuor
520 2329 823 2381 distinguendae
861 2332 1031 2382 Vipsana
1074 2346 1163 2371 cum
1199 2333 1391 2384 Vipsania
1433 2340 1472 2372 et
1509 2335 1697 2384 Vipstana
1739 2347 1825 2373 cum

395 2397 602 2448 Vipstania
643 2398 826 2438 diversae
861 2400 1020 2450 quidem
1055 2413 1151 2448 usu,
1195 2401 1265 2440 sed
1300 2403 1453 2452 origine
1489 2414 1586 2440 sane
1622 2407 1826 2454 cognatae.

386 2465 546 2504 Nomen
586 2466 688 2504 unde
727 2468 984 2507 derivandum
1023 2469 1077 2507 sit
1109 2469 1336 2520 ignoratur3
1380 2483 1406 2507 a
1437 2473 1503 2520 vip
1537 2470 1669 2508 radice
1706 2471 1829 2520 Vipsa

387 2534 475 2572 fieri
502 2535 634 2584 potuit
660 2541 705 2574 ut
729 2533 893 2586 Compsa
914 2537 1073 2587 Tempsa
1101 2537 1209 2588 apud
1236 2537 1386 2584 Oscos;
1416 2538 1686 2588 comparanda
1714 2551 1828 2588 prae—

388 2606 497 2639 terea
531 2602 693 2641 nomina
721 2602 850 2642 Oscae
878 2605 973 2642 item
1003 2606 1170 2655 originis
1199 2606 1412 2655 Numpsius
1441 2606 1703 2655 (Mommseni
1732 2606 1827 2645 dial.

387 2670 439 2707 It.
469 2670 538 2707 inf.
568 2684 607 2720 p.
628 2669 727 2720 982)
762 2671 904 2721 Opsius
940 2672 1136 2722 Opsidius.
1190 2672 1233 2712 Si
1263 2674 1440 2723 viperam
1469 2675 1674 2724 exceperis
1704 2679 1743 2712 et
1771 2675 1827 2712 vi-

387 2738 526 2788 piones
556 2738 712 2788 (grues)
741 2746 781 2778 et
807 2752 936 2790 pauca
958 2740 1062 2790 Vipii
1090 2741 1259 2779 nominis
1280 2742 1465 2792 exempla
1491 2742 1566 2792 (M.
1595 2743 1726 2792 Vipius
1746 2741 1827 2780 An-

388 2806 524 2844 thimus
553 2804 717 2845 Canusii
745 2806 774 2845 1.
795 2807 848 2845 N.
871 2808 950 2846 635
970 2808 1029 2846 IV
1049 2820 1101 2855 ¹⁸3
1134 2809 1175 2846 T.
1209 2809 1343 2859 Vipius
1365 2810 1467 2848 Celsi
1495 2810 1558 2848 lib.
1587 2810 1827 2848 Verecunda-³

167 2987 201 3031 ¹)
237 2989 424 3023 Occasione
455 2990 537 3023 data
566 3001 691 3024 moneo
722 2993 759 3024 in
792 2983 952 3025 nominis*
971 2993 1085 3025 forma
1114 2994 1204 3036 apud
1231 2994 1403 3027 Catullum
1417 2986 1457 3026 'c.
1478 2995 1524 3026 98
1557 2995 1609 3026 bis
1640 3004 1743 3036 prave
1777 2996 1828 3028 ita

15 3059 25 3073 ··
65 3051 192 3083 tradita
213 3048 304 3083 Victi
325 3061 388 3093 per
411 3062 448 3084 se
473 3056 544 3083 tam
568 3050 652 3084 Vitii
675 3054 780 3084 latere
806 3063 904 3094 posse
930 3053 1036 3095 (quod
1061 3055 1229 3096 Hauptius
1255 3056 1393 3097 posuit),
1421 3065 1523 3097 quam
1547 3053 1650 3087 Vni-ci.
1695 3054 1828 3089 Viceius

66 3112 158 3143 enim
182 3116 217 3143 et
238 3109 362 3143 Vinius
385 3113 551 3154 exemplis
577 3114 778 3155 quibusdam
804 3115 958 3156 quamvis
983 3115 1069 3146 raris
1095 3116 1348 3156 confirmantur,
1375 3123 1412 3148 ut
1429 3116 1555 3148 Accius
1572 3122 1607 3148 et
1623 3116 1737 3149 Attius
1753 3118 1826 3150 fne-

18 3165 25 3182 ”
66 3177 161 3212 runt,
186 3172 307 3204 Aetius
339 3172 494 3215 (praeter
523 3174 566 3205 ab
592 3175 696 3206 Actio
721 3176 959 3215 promonturio
985 3176 1155 3215 derivata)
1187 3174 1318 3209 Vectius
1341 3175 1469 3209 ric-tius
1494 3178 1634 3210 omnino
1658 3189 1728 3211 uon
1753 3180 1826 3213 fue-

35 3272 37 3274 *
66 3238 156 3265 mut.
198 3234 331 3266 Tamen
357 3234 449 3276 apud
467 3233 637 3266 Catullum
662 3245 726 3267 nec
749 3233 844 3267 Περὶ
866 3246 976 3278 neque
999 3234 1084 3268 Vitta·
1106 3239 1246 3269 nomina
1271 3238 1436 3278 obsoleta,
1463 3238 1523 3270 sed
1541 3239 1670 3272 clarum
1690 3241 1826 3273 Medio-

19 3306 30 3336 ·,
68 3293 152 3326 lanii
187 3294 246 3334 (ut
275 3305 380 3337 supra
412 3296 448 3327 in
473 3295 606 3328 Bolano
638 3295 732 3335 dixi)
766 3293 853 3327 Vetti
880 3307 1005 3330 nomen
1036 3304 1118 3340 puto
1151 3299 1394 3331 restituendum
1427 3310 1500 3332 esse
1531 3311 1607 3333 cum
1640 3301 1827 3335 editoribus

22 3343 31 3387 s
66 3355 269 3396 quibusdam
295 3357 555 3399 antiquioribus.

1497 3421 1555 3459 4.
