2222 3594
311 242 404 288 182
432 248 439 256 ‘
1067 257 1305 293 conssm:
1328 282 1337 310 3

421 370 544 409 Catal.
575 372 621 420 os
644 371 702 409 the
729 370 799 409 Gr.
831 373 926 410 coin.
947 372 1048 411 Brit.
1070 373 1176 411 Mus.
1197 373 1291 411 Ital.
1316 387 1359 423 p.
1380 373 1462 419 121,
1491 386 1530 411 π.
1555 376 1590 412 7.
1650 373 1783 411 Huius
1812 375 1963 412 nummi
1991 375 2071 424 duo

306 438 435 476 adhuc
463 438 709 487 exemplaria
738 442 1010 488 innotuerunt,
1049 453 1216 490 quorum
1245 441 1411 479 alterum
1440 443 1481 478 in
1511 449 1713 491 segmento
1747 444 1926 491 posticae
1954 442 2073 481 habet

305 506 475 544 litteras:
508 507 705 556 deyvinum
733 519 779 555 νᾳ
796 536 805 545 .
826 506 831 556 1
850 537 859 546 .
877 521 955 555 an„
985 509 1171 547 alterum:
1203 537 1212 546 .
1225 512 1395 559 equ'num
1422 522 1470 546 ra
1487 538 1495 547 .
1515 509 1521 559 1
1541 538 1550 547 .
1567 522 1666 556 anm,
1696 512 1753 547 ita
1770 516 1914 557 tamen,
1942 516 1986 548 ut
2013 508 2073 549 ul-

305 577 404 611 tima
430 574 564 612 littera
592 588 672 613 non
701 579 809 613 omni
845 575 1087 615 dubitatione
1123 566 1324 628 exempta·
1344 580 1395 615 sit
1430 577 1624 627 (Fracta,
1663 576 1754 615 Osk.
1784 577 1916 616 Μᾶπκ.
1947 583 1972 616 t.
1994 577 2082 625 1V,'

306 641 407 680 Nuc.
430 642 469 689 2,
494 655 539 692 p.
562 642 632 690 22,
654 643 681 681 2
701 643 791 694 sq.)
834 644 921 682 Iam
941 657 1034 683 vero
1064 652 1293 695 comparato
1319 647 1447 682 musei
1467 644 1687 683 Britannici
1717 645 1948 696 exemplari,
1977 657 2073 696 quo·

306 713 414 748 niam
441 723 503 748 nm
534 710 685 764 detritis
714 719 782 750 aut
807 715 966 751 omissis
987 713 1223 763 quibusdam
1253 715 1344 763 typi·
1367 713 1615 750 lineamentis
1645 713 1761 751 facile
1790 725 1842 751 ex
1869 725 1959 751 num
1987 725 2074 751 cor·
2124 732 2148 759 ,·

306 781 437 828 rumpi
473 785 649 828 poterat,
687 783 729 819 in
763 781 826 819 his
855 782 1039 819 omnibus
1075 784 1248 819 nummis
1278 781 1432 819 videtur
1461 783 1651 831 scriptum
1680 781 1840 819 fuisse2.
1860 776 2074 831 Deyvinum

305 847 395 885 Ra.
413 875 422 884 .
441 860 577 895 anum,
615 851 672 885 ita
701 855 744 886 ut
772 848 835 886 hic
863 848 1078 887 habeamus
1107 849 1186 886 duo
1215 851 1411 899 genitivos
1444 848 1616 898 pluralis
1645 849 1820 887 eiusdem
1848 852 2002 899 generis
2031 855 2100 887 ut-

306 915 550 954 Nuvkrinum
582 915 874 966 (Nuvkirinum)
895 916 1177 966 Alafaternum.
1226 916 1325 964 Illos
1347 927 1444 954 vero
1474 919 1669 966 genitivos
1699 916 1750 954 ad
1770 915 1958 955 Castores
1985 931 2074 968 per-

305 986 449 1031 tinere,
481 987 556 1021 viri
585 987 644 1022 rei
672 985 918 1023 nummariae
947 987 1063 1035 periti
1092 997 1172 1022 non
1201 990 1346 1022 temere
1375 987 1644 1032 coniecerunt,
1675 984 1944 1024 demonstrare
1973 984 2073 1023 diffi-

308 1052 382 1090 cile
403 1059 475 1100 est,
505 1052 630 1091 donec
659 1053 862 1103 exemplar
889 1053 1041 1091 nummi
1070 1065 1159 1091 cum
1188 1053 1343 1102 integra
1371 1053 1625 1102 inscriptione
1654 1054 1696 1091 in
1715 1052 1841 1092 lucem
1870 1052 2073 1104 prodierit.

1014 1480 1373 1540 sommo-M.

310 1612 385 1651 66.
416 1613 623 1663 Amphora
650 1613 812 1651 inventa
844 1612 886 1651 in
934 1613 1021 1651 Vico
1054 1612 1233 1663 Equense
1268 1614 1391 1651 vicino
1429 1626 1455 1652 a
1482 1609 1688 1662 'Sorrento‚
1725 1626 1831 1652 nunc
1864 1614 1907 1652 in
1934 1625 2075 1653 museo

363 1680 648 1732 Neapolitano,
677 1682 718 1719 in
748 1693 849 1725 ansa
875 1681 996 1720 habet
1023 1681 1202 1720 titulum:

1057 1771 1308 1838 papesavfi

1055 1867 1210 1916 Papius
1239 1868 1396 1905 Aufius.

420 1959 709 2009 Apographum
739 1958 833 1996 mihi
865 1958 1045 2008 praebuit
1074 1958 1150 1996 Th.
1172 1959 1408 1996 Mommsen.
1437 1958 1563 2007 Papes
1592 1963 1652 1996 est
1681 1943 1946 1997 nominativus
1974 1958 2076 1997 eius·
2135 1955 2142 1965 ²

308 2026 398 2064 dem
426 2027 577 2064 formae
605 2023 652 2064 ac
681 2026 856 2066 Σεστες
886 2026 1139 2064 Lucanorum
1178 2026 1246 2076 (cf.
1276 2041 1313 2064 η.
1343 2026 1428 2076 96),
1459 2026 1545 2075 Avfi
1574 2026 1663 2064 in—i
1711 2038 1784 2076 pro
1815 2029 1913 2065 ·iu-8
1942 2026 2075 2064 termi-
2143 2036 2156 2079 J
2180 2032 2197 2060 2

307 2101 440 2142 natus,
489 2100 532 2133 ut
561 2094 705 2144 Paapi,
749 2094 880 2141 Helvi,
929 2094 1022 2133 Silh'
1058 2094 1304 2142 nominativi,
1351 2094 1508 2133 videtur
1550 2106 1771 2144 cognomen
1814 2107 1901 2134 esse
1938 2094 2078 2133 eadem
2122 2082 2124 2086 ,
2220 2085 2222 2100 Α

310 2163 435 2212 stirpe
466 2169 596 2200 ortum
625 2175 715 2201 cum
743 2162 888 2200 Latino
919 2163 1153 2212 cognomine
1182 2163 1413 2213 Aufidianus
1443 2169 1483 2200 et
1511 2175 1600 2201 cum
1629 2163 1856 2201 nominibus
1883 2162 2076 2212 Aufidius,
2206 2155 2214 2195 ²ss

309 2231 532 2281 Aufidena-s,
563 2230 788 2280 Aufidianus
825 2230 976 2279 Osdius,
1012 2230 1117 2281 Ofius
1138 2230 1311 2282 (Aufius)
1342 2231 1447 2279 aliis,
1477 2243 1646 2281 quorum
1676 2237 1737 2270 est
1763 2231 1951 2282 frequens
1979 2241 2076 2269 usus
2211 2219 2215 2229 ⁴

308 2299 350 2337 in
379 2299 611 2351 regionibus
632 2299 833 2349 quondam
855 2299 988 2338 Oscis.

785 2746 1120 2786 CAMPANIAE
1154 2746 1305 2786 LOCA
1335 2746 1600 2786 INGERTA.

2162 2812 2175 2834 4

311 2870 387 2909 67.
438 2870 630 2909 Poculum
660 2872 781 2909 fictile
808 2874 923 2922 nigro
944 2871 1075 2909 colore
1104 2875 1238 2909 inusto
1269 2884 1358 2909 cum
1388 2885 1467 2909 una
1495 2883 1593 2909 ansa
1619 2874 1661 2908 in
1687 2870 1915 2909 collectione
1943 2881 2074 2908 rerum
2139 2869 2180 2930 M?

366 2939 618 2988 antiquarum
649 2940 689 2977 di
720 2939 859 2977 Orazio
889 2938 1054 2977 Pascale
1083 2940 1160 2977 alle
1191 2939 1314 2986 Curti,
1350 2939 1391 2977 in
1427 2941 1538 2977 cuius
1574 2939 1703 2976 fronte
1741 2938 1907 2989 graphio
1936 2938 2074 2977 inseri·
2132 2941 2185 3006 -ξ

365 3013 476 3056 ptum
506 3014 588 3045 est:

582 3097 704 3147 mais
727 3135 736 3145 .
759 3097 949 3146 kaluvis
973 3113 976 3115 “
1201 3110 1333 3149 Maius
1364 3109 1554 3150 Calavius
1586 3109 1803 3160 (Calvius).

426 3234 627 3281 Garrucci‚
658 3235 818 3273 Memor.
839 3235 974 3273 Ercol.
998 3234 1036 3271 d’
1057 3235 1163 3272 arch.
1182 3235 1273 3281 VII,
1303 3234 1481 3285 Append.
1506 3236 1551 3284 p.
1577 3234 1644 3272 25.
1694 3234 1870 3280 Ftorellz‘,
1901 3233 2013 3272 Scav.
2034 3231 2071 3271 ἀ.

310 3301 446 3352 Pomp.
474 3303 510 3349 Ι,
541 3303 662 3350 1850,
688 3316 731 3353 p.
754 3303 855 3350 XII,
884 3310 958 3341 ποτ.
990 3302 1067 3349 20,
1105 3302 1194 3340 inde
1225 3303 1414 3350 Fabrettz',
1457 3302 1496 3341 C.
1526 3303 1561 3340 I.
1590 3302 1682 3339 Ital.
1717 3301 1833 3340 2839.
1892 3300 2072 3347 Enderix,

313 3369 501 3408 Formenl.
533 3371 570 3409 d.
600 3369 691 3409 Osk.
715 3370 805 3420 Spr.
836 3383 873 3410 n.
894 3370 987 3418 XL,
1009 3372 1041 3408 1.
2138 3370 2164 3383 ’“
