2222 3594
339 201 396 248 12
1122 211 1305 244 KAmEL

331 329 558 368 Boeckbius
601 329 804 368 refellitur.
872 327 1041 377 Triplex
1085 326 1264 364 mulieris
1308 325 1395 363 laus
1434 325 1612 373 effertur3
1657 326 1785 376 prima
1822 326 1929 376 quod
1966 326 2014 364 de
2050 339 2094 365 re

331 397 490 447 publica
519 398 617 436 bene
646 397 786 435 merita
815 396 884 442 sit,
915 396 1040 433 altera
1068 394 1174 444 quod
1204 406 1251 431 ne
1282 405 1395 431 sacra
1425 393 1581 451 quidem
1610 407 1774 433 munera
1805 395 2092 443 detrectaverit,

330 466 447 504 tertia
481 466 586 515 quod
615 466 705 515 ipsa
731 466 830 503 bene
861 464 1001 501 merita
1029 476 1053 500 a
1082 462 1295 500 maioribus
1326 461 1584 500 nobilissimis
1613 462 1868 502 descenderit.
1928 462 2094 513 Singula

331 533 574 584 singulorum
605 546 704 583 quae
734 532 878 582 copula
908 535 1042 569 carent
1072 534 1309 568 commatum
1339 530 1516 567 membra
1540 523 1604 567 καὶ
1624 530 1817 581 particula
1837 537 2094 570 conectuntur

330 596 521 656 (πρύτανιν
548 594 611 638 καὶ
640 594 839 655 εὐεργέτιν,
868 593 982 654 ἱερέαν
1011 591 1074 636 καὶ
1102 591 1322 652 ἶεξοφόρον),
1358 597 1459 635 unde
1487 603 1691 648 peccatum
1721 604 1805 637 erat
1835 600 1869 638 si
1896 594 2026 650 λόγιος
2053 605 2094 638 et

329 662 507 723 πρύτανις
546 669 738 708 vocabula
776 662 990 705 ιέτυνδέτως
1028 666 1286 716 ponebantur.
1350 665 1536 717 Denique
1575 679 1693 716 quam
1730 673 1819 717 apte
1857 667 2091 706 adiectivum

328 731 460 788 λόγιος
488 737 535 775 ad
567 737 859 776 substantivum
890 728 1063 789 πρύτανις
1093 734 1268 780 accedat,
1299 734 1413 772 docet
1441 734 1565 786 epigr.
1595 736 1644 773 A.
1675 735 1764 775 Pal.
1794 735 1899 787 App.
1929 750 1968 774 n.
1990 736 2089 775 346:

732 865 836 910 τιμῆς
864 857 1055 919 ἄρχοντος
1084 858 1214 913 λογίου
1246 855 1366 917 «χάριν
1397 855 1602 908 ἐστήσαντο

784 926 910 978 Book}
941 925 1005 969 nce)
1034 926 1214 974 ,Βασιλεῖς
1243 926 1303 967 τὸν
1333 926 1453 980 σοφὸν
1482 923 1681 973 Εὖσ-ἕβιον.

434 1048 504 1085 τᾶν
533 1046 635 1085 θεᾶν
661 1045 869 1099 Ἐτηφιλὸἷν
896 1040 958 1085 καὶ
988 1047 1198 1102 Kapan-(511.
1256 1046 1452 1086 Neutrum
1488 1059 1632 1085 nomen
1667 1047 1793 1085 habeo
1829 1048 1896 1099 qui
1929 1048 2088 1099 penitus
2144 1066 2146 1068 ·

328 1116 534 1166 explicem.

435 1177 664 1239 ἐργοφόρους
693 1196 788 1234 apes
819 1190 934 1222 vocat
954 1184 1161 1231 Aelianus,
1192 1183 1385 1234 virginem
1415 1177 1618 1238 ἔργοφόρον
1648 1195 1727 1221 non
1754 1183 1956 1236 intellego.
2005 1184 2088 1223 Ita-

325 1264 401 1302 que
443 1252 646 1290 emendavi
688 1245 886 1307 ngaoqw'pov.
954 1252 1017 1291 De
1056 1252 1189 1302 puella
1224 1245 1432 1307 κερνοφᾶρῳ
1471 1252 1660 1303 cogitavit
1696 1252 1968 1292 Mommsenus
2012 1252 2086 1303 (cf.
2136 1294 2138 1296 ,

327 1319 373 1358 C.
395 1319 427 1358 I.
448 1319 496 1358 L.
524 1320 544 1357 1
574 1334 612 1370 p.
632 1320 723 1358 391.
752 1319 811 1358 VI
837 1334 874 1358 n.
897 1320 1007 1370 508).
1066 1319 1157 1358 Non
1198 1320 1359 1358 ultimus
1399 1326 1504 1358 certe
1540 1320 1582 1358 in
1604 1320 1817 1371 ,mysteriis
1840 1322 1938 1360 ¹eius
1974 1321 2086 1361 locus

324 1388 411 1436 fuit,
441 1401 543 1438 quae
575 1401 688 1426 sacra
715 1388 877 1427 ferebat.

432 1456 601 1494 Potamo
636 1457 843 1508 legislator
878 1457 1005 1494 adhuc
1041 1469 1120 1495 non
1156 1457 1340 1495 innotuit.
1397 1457 1524 1495 Plane
1561 1457 1755 1496 obscurae
1795 1464 1888 1496 sunt
1915 1456 2089 1497 Romani

322 1524 476 1575 imperii
506 1525 751 1575 temporibus
781 1538 844 1563 res
863 1524 1115 1573 Lesbiorum,
1146 1525 1215 1563 sed
1245 1524 1416 1564 conicias
1438 1525 1699 1564 Potamonem
1718 1525 1971 1576 Mytilenaeis
1992 1526 2087 1564 civi·

323 1593 395 1631 bus
434 1593 567 1630 nescio
605 1605 708 1642 quae
737 1593 866 1643 litigia
895 1594 1173 1632 exercentibus
1203 1598 1456 1644 aesymnetae
1483 1594 1611 1633 instar
1639 1594 1915 1633 intercessisse
1943 1606 2087 1646 resque

322 1661 555 1699 auctoritate
592 1667 631 1699 et
665 1661 875 1710 prudentia
910 1674 983 1700 sua
1017 1662 1056 1699 in
1093 1662 1302 1712 pristinum
1341 1661 1518 1700 ordinem
1554 1662 1769 1712 redegisse.
1827 1654 1990 1712 ἕ[ν]νεκοι
2017 1675 2086 1701 ne-

321 1728 495 1767 cessaria
530 1730 697 1767 mutatio
735 1736 813 1777 est3
853 1743 943 1767 nam
983 1730 1158 1768 omnium
1192 1730 1366 1768 maxime
1401 1730 1519 1768 huius
1558 1730 1663 1769 tituli
1702 1730 1894 1769 dialectus
1934 1731 2085 1770 severis

321 1796 475 1847 legibus
507 1797 697 1836 adstricta
727 1803 798 1835 est.

429 1860 568 1908 τείμας.
617 1865 763 1904 Nescio
794 1878 846 1904 an
872 1867 943 1905 τᾶς
971 1867 1163 1905 articulus
1194 1879 1245 1904 ex
1275 1866 1518 1905 antecedenti
1548 1867 1703 1918 syllaba
1731 1870 1820 1904 ΕΑΣ
1847 1879 2084 1917 recuperan-

321 1933 393 1987 dus
431 1934 493 1972 sit.
551 1930 655 1980 τιμὴν
692 1933 740 1984 (i.
763 1947 794 1972 e.
826 1928 1046 1988 ἀνδριάντα)
1082 1932 1296 1981 vivan-rifat
1331 1947 1410 1972 non
1445 1947 1537 1973 raro
1567 1935 1728 1982 diCItur3
1759 1935 1807 1973 cf.
1839 1933 1885 1974 C.
1906 1934 1939 1974 Ῑ.
1962 1934 2081 1990 2987.

321 2001 441 2040 2818.
485 2002 656 2040 Privatis
686 2003 909 2041 hominibus
940 2015 1039 2053 quos
1070 2010 1230 2042 senatus
1258 2005 1508 2055 populusque
1532 2004 1760 2042 decreverat
1778 2004 1964 2050 honores,
1991 2015 2081 2054 pro-

319 2070 458 2120 pinqui
501 2070 732 2120 plerumque
770 2072 1045 2120 procurabant.
1112 2072 1350 2111 Artemisiae
1388 2078 1519 2110 tamen
1555 2077 1707 2110 statuae
1744 2071 1951 2123 ponendae
1988 2084 2084 2110 cura

319 2138 481 2176 Aurelio
516 2138 660 2176 Proclo
698 2139 855 2189 obtigit,
901 2146 1060 2178 senatus
1100 2140 1274 2188 scribae,
1312 2141 1389 2179 nisi
1426 2140 1527 2179 forte
1555 2141 1659 2179 idem
1696 2141 1944 2191 propinquus
1983 2145 2081 2187 erat,

319 2206 427 2255 quod
464 2219 515 2243 ex
554 2208 750 2244 communi
786 2208 921 2257 gentili
959 2209 1117 2247 nomine
1153 2209 1286 2259 colligi
1322 2210 1462 2259 possit.
1526 2208 1803 2247 Nobilioribus
1840 2208 1916 2246 hoc
1953 2207 2081 2254 datur,

319 2279 363 2313 ut
391 2273 551 2312 honoris
582 2275 767 2325 exigendi
796 2276 966 2314 officium
997 2277 1247 2327 magistratui
1277 2277 1394 2315 alicui
1423 2277 1630 2324 tribuatur,
1660 2276 1781 2315 veluti
1799 2277 2080 2327 imperatorum

326 2342 469 2380 statuis
499 2355 577 2379 non
607 2355 696 2379 raro
726 2345 918 2394 prospicit
948 2345 1096 2382 archon
1129 2357 1370 2395 eponymus,
1403 2346 1470 2395 qui
1499 2346 1574 2383 hoc
1603 2345 1737 2383 oblato
1767 2344 1896 2382 officio
1926 2350 1966 2382 et
1994 2345 2079 2394 ipse

317 2415 518 2459 tamquam
547 2410 696 2448 honore
726 2412 879 2449 fruitur.
939 2412 1146 2462 Exemplis
1177 2413 1436 2463 congerendis
1467 2413 1727 2464 supersedeO,
1764 2425 1843 2450 uno
1873 2418 2079 2452 contentus

317 2477 433 2514 titulo
465 2476 649 2516 Sciatheo
680 2477 745 2528 (C.
773 2479 805 2517 I.
835 2478 979 2529 2154),
1016 2481 1081 2518 ubi
1113 2480 1304 2532 Septimio
1336 2480 1482 2521 Severo
1511 2483 1681 2520 honores
1711 2481 1975 2519 decernuntur
2002 2479 2080 2518 ἐπι-

318 2538 574 2590 μελησαμὲνου
611 2542 814 2583 ‘chm'wS-ov
853 2542 1007 2585 Illo-rou.
1053 2541 1202 2595 ἸΑν-ἓης
1241 2543 1351 2602 ἧρξεν
1391 2543 1584 2592 ἐπωνύμου
1627 2547 1768 2604 ἀρχῆς.
1837 2547 1904 2588 Sic
1938 2561 2079 2599 nempe

317 2612 438 2650 edunt
472 2618 510 2651 et
545 2613 699 2652 adunco
737 2621 778 2652 ut
815 2616 925 2653 aiunt
959 2629 1056 2654 naso
1094 2618 1290 2656 sermonis
1324 2619 1544 2656 barbariem
1578 2617 1835 2668 suspendunt.
1896 2615 2078 2656 Scriben-

316 2680 426 2717 dum:
464 2675 616 2724 Illo-rou,
646 2678 742 2718 ‹ivs-³
772 2674 814 2727 {c
843 2676 953 2737 ἧρξεν
984 2678 1172 2727 ἐπωνύμου
1204 2683 1342 2741 ἀρχῆς.
1400 2686 1522 2726 Vides
1551 2685 1644 2736 quid
1671 2686 1729 2723 rei
1758 2685 1822 2731 Sit,
1850 2697 1923 2723 nec
1952 2683 2078 2723 Grae-

317 2760 385 2786 cos
415 2749 529 2786 tertio
560 2749 718 2787 saeculo
748 2762 886 2800 graece
915 2752 1025 2801 loqui
1056 2753 1233 2792 desiisse.

316 2939 431 2978 VIII.
490 2941 537 2978 In
567 2941 788 2980 diversorio
818 2943 924 2992 quod
955 2950 1095 2982 vocant
1123 2947 1364 2996 paradisum.

744 3062 894 3123 Στόργη
927 3067 1259 3122 [S-Jv.[*10]v>.loec
1289 3068 1474 3127 xpm-[rvi]
1505 3074 1633 3127 χαῖρε.

314 3191 465 3230 Rarum
495 3201 555 3231 est
584 3196 652 3232 sed
681 3208 760 3235 non
787 3196 1006 3235 inauditum
1036 3193 1219 3253 Θυγατῆρ
1250 3201 1532 3250 appellativum
1561 3201 1697 3238 matris
1724 3201 1899 3252 patrisve
1926 3212 2071 3238 nomen

316 3260 596 3309 praemissum,
635 3264 681 3301 cf.
712 3265 770 3302 tit.
801 3265 1101 3317 Philadelphiae
1138 3268 1242 3319 apud
1270 3268 1400 3307 Lebas
1434 3274 1534 3319 part.
1556 3268 1620 3306 III
1651 3282 1688 3306 n.
1712 3269 1808 3307 657:
1846 3262 2070 3322 Πρεισ-κίλλα

315 3324 490 3375 ὑπατικῆ,
518 3326 698 3384 ἓνγατῆρ
728 3334 885 3377 Δημοῦς.
