2222 3594
665 297 768 331 mx
790 297 899 331 con.
925 297 1232 331 GENETIVAE.
1741 287 1833 333 141

59 406 104 495 *fl
144 436 149 444 -
168 424 170 426 ’
189 434 214 449 ι
254 414 493 467 respiciunt,
526 426 656 464 neque
684 417 852 464 apparet
877 413 1021 452 iudices
1048 412 1110 451 illi
1138 425 1217 463 quo
1245 414 1490 465 pertineant,
1524 421 1569 453 ut
1595 427 1676 454 non
1702 415 1838 467 inepte

124 494 323 562 quoque
349 483 399 522 de
425 481 731 532 interpolatione
758 480 925 532 cogitari
952 480 1100 531 possit;
1130 486 1237 520 certe
1259 483 1367 532 quod
1385 489 1641 534 expectamus
1660 484 1735 522 hoc
1754 490 1835 523 est:

27 503 77 606 {J
92 503 118 606 ,ξ
144 573 158 590 ;.
199 553 248 589 εἰ
273 553 540 602 reciperatores
567 551 608 588 in
636 562 718 588 eam
744 561 823 588 rem
851 550 935 588 dati
961 562 1036 588 non
1064 556 1195 587 essent.
1239 550 1304 588 Ad
1331 550 1391 589 rei
1408 551 1589 601 privatae
1606 551 1757 590 iudicia
1773 565 1837 590 re-

57 630 98 672 εἰ
118 638 137 656 ιι
158 638 173 653 ,ι
201 647 204 650 ⁴
242 618 321 658 oria
347 618 557 669 quominus
580 617 676 656 item
694 618 898 656 trahamus
917 629 1022 667 quae
1050 629 1084 655 0.
1102 615 1222 656 XCV
1240 618 1437 669 leguntur,
1466 619 1602 658 obstat
1620 632 1707 658 cum
1727 620 1837 670 quod

55 676 135 725 '210-
158 687 228 727 ubi
260 687 393 738 agitur
418 686 469 724 de
502 686 739 737 magistratu
766 690 924 736 petente
951 685 1180 725 excusando
1209 686 1380 726 adicitur
1408 699 1499 725 eum
1527 700 1572 726 ex
1598 700 1641 725 re
1670 688 1837 728 coloniae

71 744 119 756 F
118 773 122 780 =
191 774 199 788 1-
243 759 331 794 tum
357 755 532 793 maxime
567 753 679 804 (nam
704 754 780 792 hoc
807 753 1075 793 additamento
1105 753 1351 806 significatur
1378 755 1537 805 quidem
1567 755 1756 794 iudicium
1786 757 1836 796 de

83 819 299 879 {publica
324 827 567 874 susceptum,
596 821 667 861 sed
692 834 774 860 non
802 821 1026 860 excluditur
1053 822 1332 874 magistratum
1360 823 1610 874 privatumve
1639 825 1759 863 etiam
1785 825 1835 864 de

51 863 127 943 ,Ξ
167 903 212 931 ι·0
240 889 423 930 similiter
449 889 558 929 litem
588 890 804 929 contestari
832 890 1032 941 potuisse)
1061 891 1220 928 testium
1249 891 1373 938 ratio,
1402 903 1523 941 quam
1551 893 1658 930 infra
1685 893 1835 931 videbi-

55 957 75 974 ·’
191 971 219 998 a
249 958 417 1010 privatis
450 958 611 998 iudiciis
645 958 816 997 alienam
845 970 949 997 esse.
1006 958 1191 1008 Denique
1219 971 1299 998 non
1328 958 1414 997 sine
1442 971 1564 998 causa
1590 960 1683 999 huic
1712 962 1835 1012 capiti

53 1012 91 1090 2³3
103 1026 321 1088 biangitur
347 1025 503 1074 XCVI,
531 1039 610 1078 quo
639 1026 780 1065 duovir
805 1026 976 1074 iubetur,
1012 1026 1047 1065 si
1076 1026 1140 1065 cui
1168 1026 1369 1066 decurioni
1398 1027 1447 1065 de
1475 1028 1645 1077 pecunia
1671 1029 1835 1080 publica

75 1085 254 1135 ultisve
279 1094 472 1147 poenisve
505 1094 647 1133 locove
680 1093 838 1146 publico
866 1094 1048 1144 quaestio
1075 1095 1315 1134 iudiciumve
1342 1095 1628 1134 instituendum
1657 1108 1749 1136 esse
1776 1098 1833 1136 vi·

55 1150 57 1153 ¹
203 1162 299 1213 ‚de
332 1174 382 1203 01
413 1175 459 1202 re
491 1162 622 1214 primo
656 1175 814 1213 quoque
843 1162 908 1201 die
936 1162 988 1200 ad
1017 1163 1251 1202 decuriones
1279 1163 1436 1202 referre.
1464 1185 1516 1192 —
1556 1163 1832 1221 Magistratus,

105 1231 173 1270 d
205 1243 324 1283 quem
356 1230 416 1270 ita
449 1230 598 1282 agitur,
631 1230 774 1269 duovir
805 1238 868 1270 est
894 1230 1171 1281 praefectusve
1198 1231 1397 1279 coloniae,
1433 1238 1476 1270 ut
1504 1238 1566 1270 est
1594 1228 1638 1271 et
1661 1245 1694 1272 c.
1714 1232 1832 1273 XCV

55 1307 73 1339 ⁴⁹1
91 1299 176 1348 ,33
205 1305 247 1339 et
271 1298 315 1337 in
341 1298 444 1338 locis
472 1310 594 1350 supra
622 1299 838 1351 propositis
864 1298 1128 1350 interpolatio,
1157 1299 1235 1338 nisi
1262 1299 1369 1350 quod
1396 1300 1438 1338 in
1463 1312 1542 1338 uno
1561 1312 1696 1340 eorum
1718 1302 1756 1349 7,
1778 1302 1831 1342 50

67 1364 71 1367 ’
104 1367 221 1406 vm't
250 1366 438 1406 interrex.
496 1365 687 1407 Similiter
713 1367 756 1406 in
784 1367 872 1418 lege
902 1366 1089 1407 Caesaris
1118 1367 1277 1419 agraria
1304 1368 1390 1407 sive
1418 1368 1596 1407 Mamilia
1623 1382 1656 1408 c.
1676 1368 1753 1408 LV
1781 1370 1831 1409 de

64 1419 70 1429 ³
114 1434 208 1476 -eio
236 1434 462 1475 sestertium
480 1434 520 1471 V
538 1435 691 1474 milium
718 1435 759 1473 in
787 1435 988 1485 publicum
1017 1436 1197 1474 coloniae
1226 1436 1480 1486 municipiive
1509 1443 1672 1487 propter
1696 1439 1830 1477 termi-

63 1543 81 1549 ,,
128 1525 145 1538 ιι
184 1503 351 1543 eiectum
384 1503 678 1542 inserendorum
714 1509 872 1542 cautum
908 1508 971 1542 est
1005 1504 1081 1542 sic:
1118 1505 1164 1542 de
1192 1516 1237 1542 ea
1265 1517 1307 1543 ro
1334 1507 1522 1543 curatoris
1551 1508 1618 1556 qui
1646 1506 1718 1545 hac
1749 1507 1829 1557 leqe

90 1559 99 1626 J
165 1571 476 1623 (intelleguntur
503 1571 643 1610 ulviri
671 1571 851 1610 coloniae
880 1571 1131 1610 deducendae
1160 1572 1389 1623 similesque
1417 1573 1695 1624 magistratus)
1730 1577 1828 1613 ιἰινιζς

72 1643 80 1650 ”
132 1642 166 1671 ·“ι
200 1641 569 1691 reciperetur-umque
595 1640 702 1678 datio
729 1640 896 1679 addictio
925 1646 1013 1679 esto.
1058 1652 1142 1679 cum
1169 1647 1324 1680 curator
1351 1641 1423 1680 hac
1444 1641 1523 1692 leqe
1540 1654 1616 1680 non
1635 1644 1720 1690 erit,
1752 1648 1828 1681 mm

86 1751 98 1764 μ,
117 1710 128 1720 ’
218 1726 226 1741 ι
248 1732 278 1741 ι,
314 1710 560 1759 mmm
596 1709 637 1746 in
671 1721 718 1746 ea
750 1708 900 1747 colonia
935 1710 1140 1759 municipio
1174 1710 1421 1760 praefectura
1446 1711 1539 1760 soro
1576 1710 1827 1750 conciliabulo

175 1776 340 1816 ἀίσιηιᾶο
367 1778 557 1827 praeerit,
594 1778 674 1814 eius
708 1778 955 1826 maqiseratus
990 1778 1037 1815 ds
1071 1789 1117 1814 ea
1144 1789 1185 1814 re
1213 1778 1309 1815 iuris
1339 1779 1451 1816 dictio
1480 1778 1693 1828 iudiciaque
1721 1780 1827 1817 datio

122 1846 155 1876 ..·
184 1846 227 1883 ὀ
256 1846 347 1883 esto.
403 1844 582 1883 Iudicem
615 1843 724 1894 quod
752 1843 847 1882 dare
874 1844 1031 1883 iubetur
1058 1844 1335 1895 magistratus,
1373 1858 1422 1884 eo
1451 1858 1530 1884 non
1560 1846 1826 1886 excluduntur

61 1897 95 1941 ⁴³:
140 1916 380 1964 peratores,
420 1912 493 1950 sed
533 1912 711 1964 generali
749 1912 945 1951 vocabulo
981 1912 1047 1950 lex
1083 1913 1160 1951 hoc
1194 1913 1284 1951 loco
1323 1914 1449 1952 utitur
1488 1914 1623 1966 legum
1659 1914 1709 1953 de
1745 1915 1824 1954 sin·

64 1975 104 2030 ⁷2
145 1992 168 2032 s
201 1979 372 2020 coloniis
399 1984 540 2031 postea
567 1979 787 2019 dandarum
820 1980 1054 2020 iudiciorum
1089 1981 1362 2029 ordinationes
1396 1994 1534 2021 omnes
1567 1982 1686 2022 simul
1718 1995 1825 2022 com-

88 2037 110 2054 ⁸
138 2067 151 2081 a
174 2067 185 2082 ·-
200 2059 252 2087 ·s.
279 2069 330 2077 —
365 2045 683 2099 Recuperatores
717 2049 775 2087 ita
809 2048 972 2097 dantur,
1007 2055 1052 2088 ut
1080 2055 1188 2088 certo
1216 2049 1279 2088 die
1308 2049 1483 2089 iudicare
1511 2051 1738 2099 iubeantur,
1776 2064 1823 2090 eo

66 2106 118 2149 ³>-
143 2106 191 2165 ssi
216 2128 298 2156 non
324 2115 548 2165 iudicarint,
577 2117 647 2167 qui
675 2116 785 2156 dedit
811 2117 935 2156 alium
964 2117 1069 2156 diem
1097 2118 1149 2156 iis
1178 2117 1399 2169 praefiniat,
1428 2124 1513 2157 tota
1543 2125 1675 2158 tamen
1702 2132 1825 2159 causa

80 2195 89 2235 ζ
124 2202 155 2219 ιιι
178 2198 220 2224 ιο
252 2184 360 2224 intra
386 2185 616 2224 vicesimum
651 2185 755 2223 diem
790 2186 1032 2225 terminetur.
1093 2184 1207 2234 Quae
1241 2183 1348 2225 nova
1381 2193 1474 2225 sunt
1507 2188 1657 2235 omnia3
1693 2189 1825 2227 adhuc

136 2272 153 2286 ι·
190 2253 268 2293 hoc
293 2257 446 2292 tantum
474 2254 683 2292 constabat
708 2253 898 2292 iudicium
921 2254 1119 2304 privatum
1138 2267 1212 2305 per
1229 2260 1527 2306 recuperatores
1547 2256 1715 2295 celerius
1734 2263 1821 2308 per-

92 2370 121 2377 ..
175 2340 192 2355 ιι
234 2333 324 2361 esse
351 2333 471 2372 quam
498 2334 571 2372 per
598 2334 720 2360 unum
747 2321 919 2361 iudicem
932 2322 985 2373 ¹).
1042 2322 1380 2373 Recuperatorum
1410 2323 1565 2362 sortitio
1594 2329 1634 2362 et
1660 2325 1823 2364 reiectio

74 2383 124 2422 ΐι
159 2395 416 2429 memorantur
445 2387 483 2437 2,
505 2388 571 2436 27,
601 2390 825 2429 accuratius
855 2396 987 2429 autem
1015 2403 1095 2429 non
1125 2391 1377 2430 definiuntur.
1398 2413 1453 2419 —
1480 2392 1579 2443 Ipsa
1607 2393 1711 2431 actio
1736 2393 1823 2431 sive

82 2457 92 2502 Ϊ
119 2477 125 2489 ι
262 2456 374 2508 (nam
406 2458 623 2508 quaerendi
650 2458 846 2497 vocabulo
879 2458 946 2497 lex
982 2458 1031 2497 de
1066 2471 1113 2496 eo
1149 2459 1296 2498 iudicio
1330 2460 1455 2498 utitur
1483 2459 1526 2507 2,
1549 2460 1587 2498 6.
1612 2460 1678 2499 36.
1710 2460 1754 2508 3,
1776 2461 1821 2511 6)

79 2515 103 2580 ’ζ
230 2525 241 2534 ”
298 2530 380 2572 est;
414 2525 515 2575 petit
548 2525 675 2573 enim,
709 2530 755 2564 ut
787 2531 978 2576 perpetuo
1015 2527 1058 2565 in
1093 2527 1229 2566 multis
1256 2527 1442 2576 adicitur,
1479 2531 1546 2578 qui
1572 2529 1681 2567 volet.
1740 2527 1823 2568 Sed

125 2605 133 2613 ²·
158 2591 202 2631 in
234 2593 445 2632 ordinandi
478 2579 624 2632 iudic'io
659 2593 887 2646 distinguit,
921 2597 956 2633 si
989 2595 1124 2634 duovir
1146 2597 1364 2646 praefectus
1385 2602 1490 2646 petet
1514 2603 1555 2634 et
1583 2600 1619 2635 si
1639 2599 1820 2647 privatus

129 2672 374 2711 -’,ι1ιιοι·ιιιιι
408 2661 508 2700 illud
540 2662 774 2713 plerumque
811 2662 960 2701 factum
994 2675 1083 2702 esse
1118 2663 1326 2714 probabile
1361 2669 1423 2702 est
1457 2671 1498 2702 et
1530 2669 1694 2714 propter
1728 2677 1818 2703 cau-

60 2724 134 2782 fn
171 2729 368 2768 multandi
403 2728 514 2779 (nam
550 2730 682 2780 agitur
722 2730 851 2769 ubivis
879 2731 928 2769 de
957 2731 1101 2769 delicto
1130 2731 1287 2782 publico
1315 2744 1522 2783 poenaque
1549 2733 1593 2770 in
1620 2732 1820 2782 publicum

54 2789 290 2848 '‘j-‘emm
325 2802 365 2835 et
389 2802 619 2849 propterea,
655 2798 762 2848 quod
789 2798 885 2837 olim
913 2799 1020 2849 apud
1043 2799 1250 2838 Romanos
1281 2800 1377 2838 solis
1405 2800 1704 2851 magistratibus
1734 2801 1819 2839 eius

71 2862 107 2920 4
145 2863 214 2902 20's
252 2877 468 2916 poenarum
510 2866 768 2916 petendarum
805 2866 868 2905 ius
902 2867 1027 2906 fuisse
1065 2867 1222 2905 videtur
1235 2866 1294 2918 ²);
1339 2867 1510 2918 denique
1546 2868 1654 2917 quod
1694 2869 1734 2916 1,
1765 2869 1819 2906 34

72 2935 106 2988 f
125 2947 145 2965 -ι
176 2932 472 2982 praefectusve
509 2939 549 2971 et
583 2941 882 2984 recuperatores
921 2941 962 2973 et
995 2948 1085 2974 eum
1121 2936 1234 2974 cuius
1271 2948 1337 2973 res
1373 2936 1506 2986 agitur
1541 2935 1683 2974 adesse
1711 2935 1820 2973 iubet

71 2999 139 3059 Ῐιιι
179 3016 183 3021 ·
223 3001 394 3048 omisso,
427 3001 546 3040 facile
574 3002 815 3052 explicatur,
851 3003 887 3042 si
914 3003 1074 3053 quidem
1100 3003 1188 3053 ipse
1216 3004 1476 3055 magistratus
1505 3009 1657 3042 actores
1685 3007 1819 3054 partes

8 3243 15 3266 ,ιζ
58 3252 90 3272 Γ
158 3213 191 3255 ¹)
228 3215 349 3249 Cicero
365 3227 427 3258 pro
446 3218 537 3250 Tull.
558 3220 621 3252 10:
647 3221 890 3264 reciperatores
915 3219 1009 3260 dare,
1034 3223 1073 3252 ut
1096 3230 1193 3263 quam
1210 3220 1355 3263 primum
1370 3230 1426 3252 res
1442 3218 1660 3252 iudicaretur.
1695 3220 1815 3253 Divin.

52 3277 62 3286 *
98 3247 239 3311 010011.
259 3278 316 3318 17,
334 3277 393 3310 56.
428 3278 561 3312 Plinius
586 3290 640 3323 ep.
660 3282 693 3322 3,
715 3283 772 3322 20,
791 3283 825 3315 9.
860 3283 935 3315 Liv.
956 3282 1013 3322 26,
1034 3281 1092 3314 48.
1129 3281 1206 3314 Gai.
1226 3282 1259 3321 4,
1282 3281 1362 3314 185.
1405 3281 1446 3313 In
1469 3281 1543 3323 lege
1560 3282 1697 3323 agraria
1720 3292 1753 3314 v·
1769 3283 1814 3315 37

263 3338 433 3371 decimo
458 3340 514 3372 die
537 3347 793 3385 recuperatores
818 3343 900 3376 dare
919 3343 1064 3383 iubetur,
1090 3347 1271 3385 postquam
1288 3342 1334 3375 ad
1351 3352 1428 3374 eum
1445 3342 1482 3374 in
1498 3342 1551 3374 ius
1568 3342 1696 3375 aditum
1715 3343 1791 3376 erit.

157 3406 192 3450 ⁸)
226 3408 486 3454 stamar-eclam,
507 3415 588 3447 141.

2183 1186 2187 1190 ⁴
2185 1010 2193 1014 ³
2190 807 2195 812 -.

2193 944 2222 1226 'Jss‘zzfflfflaixssej‘zrin-as
2207 913 2210 918 ⁸
2213 893 2222 898 .
2206 813 2222 870 aa:
2209 726 2214 730 ⁴
2208 664 2218 681 ,κ

2180 1660 2186 1668 -
2174 1609 2186 1634 A„
2180 1546 2182 1548 -
2168 1500 2185 1509 ⁸.

2187 1749 2190 1754 ”
2188 1730 2191 1731 ’
2190 1695 2199 1700 z
2196 1676 2198 1678 .
2196 1656 2198 1660 ,
2187 1604 2203 1639 gra
2184 1536 2197 1550 ¹-
2188 1463 2197 1470 ι

2196 1614 2222 1753 cssrffl.
2207 1580 2222 1604 :vs
2204 1523 2222 1547 1..
2201 1462 2222 1516 jum,
