2222 3594
368 188 429 235 52

375 1135 586 1177 *mevs

377 1273 665 1313 VITELLIANVS

381 1684 580 1723 VoRAst

485 1783 517 1804 Q:

388 2910 649 2949 VRGVLANVS

1155 196 1353 237 HUBNER

697 315 884 356 Genavae
913 317 1136 356 Mommsen
1165 318 1289 356 Inscr.
1310 318 1425 356 Helv.
1451 318 1534 368 65),
1565 331 1668 368 quae
1697 318 1885 356 facillime
1915 330 2001 356 cum
2031 318 2139 369 Ulpii

697 385 886 423 confundi
915 391 1140 435 potuerunt,
1170 386 1276 436 quod
1301 387 1484 438 componi
1505 387 1634 437 possit
1654 387 1782 426 solum
1805 391 1987 436 superest
2010 385 2139 425 Vibius

696 466 840 492 nomen
876 466 964 492 cum
1001 454 1201 492 derivatis.
1260 454 1365 493 Illud
1400 455 1412 492 i
1447 456 1607 507 longam
1642 455 1762 493 habet
1797 459 1838 492 ut
1873 446 2139 502 Οῦειψτανὸςς

698 535 719 559 e
754 521 932 572 Vib(e)sa
962 527 1092 561 autem
1127 522 1249 572 Vipsa
1274 522 1324 572 (h
1355 528 1445 561 ante
1476 535 1493 561 s
1523 524 1563 561 in
1588 537 1618 573 p
1647 522 1823 573 mutata)
1852 528 1956 560 recte
1985 526 2140 561 contra-

698 590 813 628 hitur.
872 590 1029 628 Deinde
1059 603 1079 628 e
1103 590 1234 639 Vipsa
1262 602 1333 640 per
1363 597 1396 629 et
1422 591 1486 629 vel
1515 594 1545 629 it
1572 591 1777 639 suffixum,
1807 590 1855 628 de
1885 602 1963 640 quo
1994 590 2140 628 dictum

699 665 760 697 est
794 658 834 696 in
865 657 1075 708 Calpetani
1111 659 1291 706 nomine,
1329 659 1480 709 Vipsita
1509 659 1594 697 fieri
1623 660 1752 710 potuit
1779 658 1949 708 indeque
1977 657 2143 708 Vips(2·)-

699 734 830 773 tanus,
868 733 912 765 ut
939 733 1097 777 praeter
1133 725 1291 776 Opsium
1323 726 1523 776 Opsidium
1551 727 1747 765 Amiterni
1778 731 1817 764 et
1845 726 1996 764 Aveiae
2025 725 2143 764 etiam
2172 763 2181 772 ,

703 794 927 845 Opsturium
963 807 1106 833 nomen
1142 794 1360 844 reperimus
1400 795 1432 833 I.
1464 794 1515 833 N.
1546 795 1664 833 5763.
1698 794 1806 833 5990
1845 793 1918 844 (cf.
1958 806 2058 845 quae
2095 793 2144 831 de

707 862 849 913 Opstra
882 863 998 902 Ostra
1031 862 1169 900 formis
1208 860 1431 901 Corssenus
1469 863 1588 901 habet
1622 864 1661 901 in
1691 862 1845 901 Kuhnii
1881 861 2091 900 annalibus
2119 861 2141 898 3

699 945 738 982 p.
762 931 880 981 249),
918 944 1088 982 quocum
1128 931 1397 981 comparanda
1426 931 1677 981 Apscillanus
1714 937 1753 968 et
1789 930 2011 981 Apstidius,
2048 930 2143 968 item

699 1000 859 1051 linguae
882 997 1059 1038 vetustae
1085 1000 1236 1038 formae
1256 1000 1363 1038 velut
1382 1001 1598 1050 possestrioe
1617 998 1724 1049 apud
1746 997 1953 1037 Afranium
1983 997 2040 1049 (p.
2066 997 2140 1036 161

699 1067 853 1118 Ribb.).

716 1136 883 1175 Viranus
913 1135 1132 1186 Ampliatus
1162 1136 1402 1187 archigallus
1433 1135 1609 1186 m(atris)
1640 1135 1795 1186 d(eum)
1826 1133 1993 1185 Capuae
2030 1133 2064 1173 Ι.
2091 1132 2143 1172 N.

816 1204 936 1243 3583.
991 1203 1131 1243 Lectio
1161 1216 1240 1242 non
1270 1210 1395 1252 certa;
1427 1204 1596 1242 traditur
1625 1204 1743 1242 etiam
1774 1203 1967 1242 Virianus.

707 1272 758 1310 L.
800 1272 1023 1311 Vitellianus
1071 1272 1210 1311 Vitalio
1250 1272 1403 1310 Romae
1446 1272 1486 1310 in
1527 1271 1656 1310 hortis
1692 1270 1926 1310 Barberinis
1963 1269 2145 1309 Fabretti

817 1341 911 1388 375,
935 1341 1024 1380 173.

703 1409 868 1448 Vitellia
903 1408 1013 1447 Latii
1051 1408 1240 1459 oppidum
1279 1413 1479 1446 vetustum
1519 1408 1587 1458 (ut
1621 1408 1752 1458 ipsum
1790 1419 1932 1446 nomen
1970 1405 2144 1455 indicat)

704 1491 755 1516 ex
774 1477 890 1516 Livio
914 1477 950 1524 2,
974 1477 1024 1515 39
1056 1482 1191 1515 notum
1223 1483 1302 1524 est3
1334 1477 1587 1515 conferantur
1616 1475 1734 1515 etiam
1763 1488 1866 1526 quae
1890 1475 1939 1514 de
1960 1473 2147 1512 Vitelliae

705 1547 833 1597 gentis
863 1546 1014 1596 origine
1037 1544 1250 1585 Suetonius
1280 1545 1322 1582 in
1341 1545 1506 1583 Vitellio
1537 1557 1624 1595 cap.
1650 1545 1668 1582 1
1702 1544 1913 1595 congessit.
1963 1541 2147 1581 Ceterum

678 1613 838 1664 *potest
867 1613 1071 1652 Vitelliani
1102 1626 1244 1651 nomen
1276 1613 1394 1651 etiam
1427 1619 1557 1651 ortum
1586 1624 1677 1651 esse
1708 1625 1758 1650 ex
1788 1611 2035 1663 cognomine.

710 1681 754 1722 Si
784 1683 960 1722 Voranus
990 1682 1052 1720 fur
1081 1681 1328 1720 Horatianus
1359 1681 1464 1731 (sive
1494 1679 1747 1730 Lucilianus)
1778 1686 1938 1719 auctore
1966 1678 2148 1729 Porphy-

819 1751 930 1789 rione
961 1750 1031 1800 (ad
1061 1744 1194 1796 sat.'1‚
1218 1749 1263 1797 8,
1287 1749 1385 1799 39),
1415 1750 1484 1799 qui
1514 1762 1592 1787 non
1624 1749 1716 1787 ficta
1735 1736 1793 1786 *de
1823 1761 1870 1787 eo
1899 1747 2074 1794 rettulit,
2105 1759 2149 1784 re

819 1832 914 1857 vera
942 1819 1106 1857 libertus
1135 1818 1280 1856 fuisset
1310 1816 1359 1865 Q.
1389 1816 1540 1854 Lutatii
1572 1815 1719 1864 Catuli,
1749 1829 1799 1855 ex
1829 1815 2150 1855 nomenclaturae

822 1887 1050 1925 vetustioris
1086 1887 1174 1936 lege
1208 1886 1382 1925 Voranus
1417 1884 1597 1924 Lutatius
1634 1884 1679 1932 Q.
1716 1886 1895 1928 libertus,
1931 1896 1983 1923 ex
2018 1895 2154 1921 recen-

820 1956 921 1993 tiore
951 1954 1237 1993 consuetudine
1268 1975 1295 1991 ·.
1328 1954 1437 2003 (nam
1467 1965 1710 2003 praenomen
1738 1952 1927 1991 habuisse
1957 1950 2154 2001 Putandus

822 2029 882 2062 est
911 2036 935 2060 a
963 2023 1121 2074 patroni
1151 2022 1372 2071 diversum)
1403 2021 1583 2060 Lutatius
1606 2020 1651 2067 Q.
1676 2022 1701 2058 l.
1729 2020 1903 2059 Voranus
1922 2019 1998 2058 fuit
2016 2018 2154 2069 appel-

820 2092 936 2130 latus.
998 2089 1076 2129 Sed
1107 2104 1155 2129 ne
1185 2090 1431 2142 cognominis
1461 2089 1620 2139 quidem
1642 2087 1794 2126 Vorani
1824 2088 1991 2126 alterum
2021 2099 2153 2126 exem-

821 2160 931 2210 plum
966 2158 1070 2197 novi.
1130 2158 1226 2197 Noli
1263 2164 1393 2196 autem
1433 2171 1518 2195 eam
1557 2157 1607 2195 ob
1644 2168 1806 2195 causam
1842 2168 1986 2194 nomen
2018 2155 2151 2193 fictum

822 2241 846 2265 a
882 2234 1000 2278 poeta
1037 2233 1178 2277 putare
1217 2240 1238 2264 e
1278 2226 1442 2264 vorandi
1482 2225 1693 2272 vocabu103
1738 2236 1865 2274 neque
1908 2223 2011 2262 enim
2054 2222 2156 2262 solet

821 2302 939 2345 poeta
974 2296 1014 2333 in
1054 2295 1188 2339 satiris
1228 2295 1390 2333 nomina
1426 2294 1593 2344 fingere,
1633 2298 1677 2330 ut
1714 2293 1860 2331 dudum
1899 2292 2151 2331 observatum

824 2369 896 2402 est.
961 2364 1094 2414 Atque
1131 2364 1249 2401 etiam
1286 2363 1460 2401 Pediatii
1496 2362 1667 2413 pathici,
1707 2361 1775 2411 qui
1814 2373 1894 2398 una
1932 2359 2156 2398 nominatur

824 2445 913 2470 cum
943 2432 1049 2470 Iulio
1080 2438 1118 2470 et
1137 2432 1312 2478 Vorano‚
1343 2443 1486 2469 nomen
1515 2430 1609 2468 alibi
1638 2442 1718 2467 non
1747 2428 1954 2479 reperitur.
2013 2425 2154 2479 SIngu—

825 2501 996 2538 laritatis
1033 2501 1118 2538 eius
1149 2501 1229 2538 alia
1257 2506 1464 2550 praeterea
1492 2498 1677 2549 exempla
1704 2497 1867 2548 praebet
1893 2507 2156 2546 prosopogra-

826 2569 920 2619 phia
948 2569 1184 2616 Horatiana,
1219 2573 1263 2606 ut
1294 2566 1451 2607 Scetani
1481 2579 1638 2613 nomen,
1675 2565 1722 2603 de
1752 2577 1831 2615 quo
1861 2576 1981 2615 supra
2009 2563 2155 2602 dictum

826 2643 897 2675 est.
966 2635 1108 2687 Neque
1153 2635 1383 2673 mutandum
1422 2635 1464 2672 in
1501 2635 1702 2680 Boranus3
1746 2633 1786 2670 in
1824 2645 1847 2670 v
1885 2632 1990 2670 enim
2024 2632 2158 2670 littera

824 2705 915 2743 libri
961 2704 1097 2754 scripti
1141 2715 1276 2742 omnes
1322 2702 1585 2741 consentiunt.
1651 2701 1792 2751 Itaque
1821 2700 1973 2739 Vorani
2012 2711 2155 2738 nomen

825 2786 958 2812 rarum
999 2772 1135 2810 licebit
1158 2771 1387 2822 -gentiliciis
1423 2771 1463 2809 in
1503 2782 1599 2808 anus
1640 2769 1873 2816 attribuere,
1915 2780 2155 2818 quamquam

825 2841 1062 2878 dubitanter.

723 2909 945 2959 vaulanus
972 2908 1207 2958 Profuturus
1239 2906 1396 2947 Salonis
1429 2905 1472 2945 C.
1495 2906 1527 2944 I.
1548 2905 1594 2943 L.
1616 2905 1680 2943 III
1703 2904 1808 2944 2525
1841 2903 2002 2954 (ibidem
2034 2902 2153 2941 2620.

828 2976 931 3014 2621
964 2977 1067 3015 idem
1098 2989 1243 3015 nomen
1279 2976 1429 3026 Πηγαία
1464 2974 1571 3024 Uryu
1608 2973 1686 3023 Urq
1716 2971 1932 3022 scribitur).

2219 122 2222 124 .
2219 95 2222 98 .
2206 0 2222 64 4:341
