2222 3594
538 214 608 250 so.
632 215 699 248 DE
722 214 964 248 xvxmms
988 213 1175 249 SALTvs
1198 213 1491 248 BEGVENSIS.
1799 197 1897 246 283

142 350 145 352 ·
175 337 229 372 ‘et
261 331 499 383 [sorJibundo
527 332 732 382 adfines-unt
764 331 923 382 repperi
955 330 1109 368 litteras
1145 330 1313 369 deficere
1342 343 1376 369 c.
1410 329 1480 378 12,
1516 329 1662 380 quibus
1697 328 1902 402 commode

184 401 384 440 inseretur
411 400 497 440 dies
526 400 638 438 idib.-
652 399 802 439 Octobr.
831 400 898 438 vel
926 399 994 450 qui
1022 399 1126 437 alius
1154 399 1243 437 fuit.

130 467 199 507 Ad
225 481 264 507 v.
284 468 323 507 8.
380 467 464 507 Vix
498 468 710 519 quicquam
745 476 808 507 est
843 468 886 506 in
920 467 997 505 hoc
1026 467 1264 505 documento
1292 467 1420 517 magis
1447 466 1654 505 insolitum
1685 470 1724 504 et
1751 477 1900 504 novum

120 548 127 564 1
185 549 305 588 quam
335 541 588 588 quaestorum
616 536 777 575 nomina
805 535 857 573 ad
885 547 974 582 eos,
1009 535 1078 585 qui
1114 540 1276 573 senatus
1306 535 1487 573 consulto
1516 533 1800 585 perscribendo
1831 533 1902 570 ad·

184 604 384 652 hibentur,
413 604 613 654 adscripta
639 605 729 643 loco
758 608 950 642 extremo.
1006 602 1179 642 Diversa
1207 615 1259 641 ex
1287 614 1411 641 causa
1439 610 1671 654 quaestores
1701 601 1901 640 adhibitos

185 683 276 711 esse
310 678 428 723 atque
457 672 597 712 solitos
634 679 793 711 senatus
830 671 1102 710 consultorum
1137 677 1260 710 testes
1287 671 1438 710 indicat
1466 677 1545 708 tam
1575 671 1801 721 quaestoris
1831 682 1902 719 ap-

134 727 136 729 ’
184 740 349 791 pallatio
376 741 534 790 utrique
562 740 715 788 addita,
746 753 835 778 cum
865 746 988 779 testes
1018 740 1121 778 nude
1150 739 1468 790 perscribantur,
1498 752 1615 789 quam
1645 739 1753 789 quod
1781 751 1903 789 quae-

185 811 272 847 stor
298 820 349 846 no
378 814 539 847 senator
565 808 725 858 quidem
755 815 828 856 est,
864 821 954 847 cum
983 808 1201 858 quaestorii
1230 807 1388 846 demum
1418 808 1670 846 senatoribus
1699 807 1902 846 accedant.

182 873 365 915 Pertinet
396 876 493 924 huc,
528 876 571 914 ni
599 877 739 924 fallor,
776 876 884 926 quod
913 876 1052 915 scribit
1078 876 1160 915 Dio
1182 876 1253 923 54,
1275 876 1326 914 36
1357 877 1603 927 Augustum,
1640 888 1729 913 cum
1759 875 1903 913 aerarii

182 955 317 982 curam
345 956 371 983 a
399 944 677 995 quaestoribus
706 945 869 983 urbanis
899 945 949 983 ad
978 945 1081 983 alios
1106 944 1364 995 magistratus
1383 944 1463 982 iam
1484 950 1603 983 antea
1621 943 1902 990 transtulisset,

123 1012 129 1014 ”
183 1025 222 1050 a.
250 1026 290 1051 u.
318 1024 353 1051 c.
380 1012 460 1051 743
499 1013 660 1051 sublata
697 1013 884 1051 aedilium
921 1013 1250 1063 tribunorumque
1287 1013 1335 1051 de
1374 1012 1448 1051 hac
1485 1026 1528 1051 re
1566 1017 1763 1063 potestate
1802 1011 1901 1050 solis

114 1093 117 1095 ·
182 1079 465 1131 quaestoribus
501 1088 663 1119 senatus
697 1081 966 1119 consultorum
996 1093 1131 1119 curam
1160 1081 1411 1132 permisisse:
1447 1081 1524 1120 τοῖς
1551 1075 1702 1124 ταμίαις·
1729 1076 1779 1117 τοὶ
1808 1074 1904 1130 &dy-

133 1147 139 1151 *
182 1150 287 1191 μὶττα
319 1145 372 1186 τοὶ
406 1141 589 1186 {ndo-rore
624 1142 831 1200 «γιγνέμενα
867 1145 931 1187 δαὶ
967 1150 1147 1199 ‘palmeis'
1182 1146 1380 1186 ποιεῖσθαι
1409 1142 1638 1195 {nehus-327.
1694 1147 1753 1187 Ut
1780 1148 1903 1198 igitur

149 1260 153 1263 χ
186 1227 266 1266 quo
299 1220 477 1267 tempore
513 1223 746 1267 quaestores
777 1217 966 1268 pecunias
994 1218 1174 1269 publicas
1204 1223 1374 1256 tractare
1404 1217 1623 1264 desierunt,
1661 1229 1767 1261 eam,
1796 1228 1900 1266 quae

181 1282 225 1320 in
253 1290 417 1323 senatus
445 1285 639 1324 consultis
667 1285 929 1324 adservandis
960 1285 1144 1332 vertitur,
1181 1286 1324 1324 aerarii
1360 1285 1743 1324 administrationem
1771 1284 1900 1323 nihilo

0 1366 16 1392 r
64 1364 65 1367 ’
181 1351 315 1391 minus
342 1353 600 1399 retinuerunt,
628 1353 685 1391 ita
714 1360 1022 1392 consentaneum
1052 1360 1113 1393 est
1141 1355 1191 1393 ab
1221 1368 1256 1393 a.
1278 1354 1370 1392 inde
1390 1354 1468 1392 743
1500 1354 1575 1392 hoc
1598 1365 1758 1404 quoque
1776 1353 1901 1391 intro·

183 1418 344 1459 ductum
371 1432 480 1469 esse,
515 1428 559 1459 ut
595 1421 818 1460 deferendis
847 1423 897 1460 ad
927 1423 1037 1472 ipsos
1074 1428 1236 1461 senatus
1272 1422 1465 1461 consultis
1501 1422 1619 1461 etiam
1650 1421 1901 1472 perscriben-

183 1487 247 1526 dis
285 1487 471 1527 adessent
504 1489 742 1540 nominaque
777 1503 914 1529 eorum
944 1498 1036 1542 post
1065 1498 1184 1529 testes
1215 1491 1432 1529 sollemnes
1462 1491 1790 1529 adscriberentur.
1848 1489 1898 1527 Ei

184 1555 262 1597 soli
289 1557 448 1607 negotio
477 1564 607 1596 aetate
635 1558 893 1609 imperatoria
922 1565 1157 1608 quaestores
1186 1559 1326 1597 urbani
1356 1559 1537 1597 videntur
1568 1559 1787 1597 vacavisse.

127 1622 197 1661 Ad
222 1635 262 1662 v,
283 1623 321 1661 8.
341 1624 379 1662 9.
403 1625 466 1663 10.
516 1624 616 1664 Cum
635 1627 918 1665 vetustioribus
956 1633 1115 1666 senatus
1145 1626 1337 1666 consultis
1360 1627 1558 1666 subscribi
1579 1626 1708 1666 soleat
1728 1627 1900 1665 vocabu-

183 1690 267 1729 lum
295 1703 483 1740 ceneune,
512 1693 647 1733 addito
677 1701 806 1734 aetate
835 1695 1091 1746 imperatoria
1118 1696 1232 1745 (puto
1262 1709 1311 1734 ex
1340 1696 1623 1734 constitutione
1642 1695 1692 1733 ab
1711 1696 1898 1746 Augusto

179 1771 216 1798 a.
237 1772 278 1798 u.
297 1771 331 1798 c.
354 1760 434 1799 745
462 1762 564 1808 lata,
600 1762 649 1800 de
684 1775 763 1813 qua
799 1764 985 1814 exposuit
1024 1764 1103 1802 Dio
1133 1765 1206 1810 53,
1228 1765 1251 1801 3
1283 1764 1333 1801 cf.
1366 1764 1438 1810 54,
1461 1763 1541 1812 35)
1571 1770 1800 1802 senatorum
1830 1763 1899 1813 qui

182 1827 420 1867 sententiam
455 1829 504 1867 de
541 1842 589 1868 ea
622 1844 667 1869 re
700 1831 887 1870 tulissent
922 1845 1106 1878 numero,
1142 1832 1206 1870 hic
1236 1840 1280 1869 ut
1307 1844 1494 1870 numerus
1523 1832 1617 1870 item
1646 1831 1896 1878 adscribitur,

178 1894 239 1934 ita
272 1909 348 1947 pro
384 1897 490 1935 nudo
530 1899 718 1937 censendi
754 1900 945 1938 vocabulo
982 1900 1152 1938 formula
1194 1891 1358 1938 inducta
1397 1908 1457 1938 est
1498 1900 1667 1938 sormam
1709 1899 1895 1939 censendi

0 1964 21 2001 ie
51 2015 52 2018 Ἴ
179 1964 402 2003 accuratius
430 1965 636 2005 declarans
665 1967 856 2018 aspiratus)
886 1968 1133 2017 c(on8ultum)
1158 1981 1231 2018 per
1260 1970 1525 2007 discessionem
1543 1970 1706 2017 sactum.
1762 1968 1810 2006 Id
1839 1968 1894 2006 si-

0 2004 33 2181 ἔ
178 2031 324 2070 militer
352 2038 396 2071 ut
422 2033 463 2072 in
492 2037 532 2071 in
552 2042 712 2073 senatus
732 2037 915 2075 consulto
935 2037 1217 2087 pei-scribendo
1238 2037 1522 2084 enuntiaretur,
1551 2042 1646 2087 post
1666 2037 1893 2088 Augustum

0 2181 18 2196 a

179 2101 438 2139 constitutum
467 2103 520 2141 sit
548 2115 710 2142 neeesse
740 2110 812 2161 est.
869 2104 1051 2155 Utraque
1080 2112 1212 2143 autem
1242 2105 1447 2143 adnotatio
1475 2105 1671 2154 reperitur
1698 2105 1894 2143 translata

179 2178 232 2204 ex
258 2166 348 2206 loco
376 2175 555 2209 extremo
584 2172 626 2208 in
655 2172 783 2222 ipsum
813 2180 974 2211 senatus
1004 2173 1175 2211 consulti
1205 2173 1457 2223 principium.

123 2234 193 2272 Ad
220 2247 260 2273 v.
281 2234 347 2274 25.
403 2236 537 2276 Verba
566 2247 689 2278 actum
719 2240 844 2278 idibus
871 2241 1020 2279 Octobr.
1050 2241 1099 2278 P.
1121 2242 1256 2279 Cassio
1284 2241 1457 2280 Secundo
1478 2241 1536 2278 M.
1559 2241 1687 2279 Nom'o
1706 2241 1892 2279 Muciano

179 2314 259 2340 non
294 2309 386 2342 sunt
425 2318 519 2355 pars
562 2314 724 2345 senatus
767 2309 956 2356 consulti,
1001 2310 1071 2347 sed
1108 2309 1314 2347 exordium
1350 2310 1407 2347 ita
1441 2310 1693 2356 continuant,
1736 2316 1779 2347 ut
1816 2310 1892 2347 hoc

179 2370 403 2421 significent
445 2379 608 2413 senatus
654 2376 881 2414 consultum
925 2389 970 2414 ea
1014 2377 1077 2414 die
1124 2378 1366 2427 descriptum
1416 2383 1455 2415 et
1497 2376 1741 2427 recognitum
1787 2390 1889 2416 esse.

0 2431 17 2470 ἲ
178 2437 287 2476 Nam
323 2439 466 2479 similis
500 2442 672 2480 formula
706 2444 809 2481 redit
835 2445 877 2481 in
909 2457 986 2482 uno
1016 2446 1359 2483 senatusconsulto
1389 2445 1515 2483 relato
1543 2446 1594 2483 ab
1623 2446 1796 2495 Iosepho
1826 2446 1889 2493 14,

182 2505 347 2554 10,10‚
382 2508 452 2546 ubi
485 2516 578 2559 post
610 2510 743 2560 ipsum
779 2511 978 2550 decretum
1014 2525 1102 2551 cum
1138 2514 1384 2563 praescripto
1416 2513 1480 2551 die
1515 2514 1574 2551 III
1608 2514 1790 2564 id.Ap1-.
1826 2525 1890 2551 se-

179 2580 353 2623 quuntur
385 2576 507 2614 verba
538 2578 656 2616 haee.
693 2573 812 2628 {eye'av
779 2594 838 2616 ero
874 2577 941 2634 πξό
978 2574 1080 2617 πέντε
1115 2577 1221 2617 εἷδων
1256 2576 1362 2634 Φεβξ
1349 2577 1519 2618 ‘ovem'wv
1552 2581 1589 2618 ἐν
1623 2597 1673 2618 τω
1712 2597 1787 2631 lamp
1824 2583 1891 2627 τῆς

175 2636 370 2684 Ομσνοιάς
405 2645 635 2683 consulibus
670 2647 832 2685 omissis
865 2647 1036 2687 fortasse
1070 2649 1188 2698 culpa
1219 2649 1397 2699 Iosephi3
1432 2649 1654 2698 habentque
1683 2649 1781 2687 haec
1810 2649 1889 2687 duo

182 2712 527 2750 senatusconsulta
563 2714 650 2750 sola
685 2727 736 2752 ex
771 2715 820 2752 iis
857 2727 957 2764 quae
994 2723 1211 2765 supersunt
1246 2717 1452 2753 exordium
1483 2717 1531 2754 de
1560 2717 1820 2754 describendo
1850 2723 1890 2755 et

179 2779 513 2826 recognoscendo.
571 2779 687 2818 Unde
723 2789 887 2831 apparet
922 2784 1118 2821 eiusmodi
1154 2785 1305 2822 dierum
1342 2784 1616 2822 adnotationes
1653 2797 1742 2822 cum
1772 2797 1888 2822 exor-

181 2841 259 2880 diis
294 2845 588 2895 coniungendas
624 2861 713 2886 esse
727 2849 779 2898 ¹).
840 2850 1024 2900 Denique
1054 2853 1264 2889 exordium
1294 2853 1397 2890 diem
1426 2852 1719 2900 quodammodo
1755 2852 1889 2901 requi·

179 2909 251 2955 rit;
279 2923 370 2948 nam
399 2914 634 2966 saepissime
661 2916 926 2955 instrumenta
953 2919 1150 2968 descripta
1172 2925 1210 2956 et
1228 2921 1431 2969 recognita
1450 2920 1507 2956 ita
1525 2918 1814 2968 concipiuntur,
1843 2926 1888 2957 ut

181 2977 399 3026 exemplari
424 2980 626 3030 >descripto
659 2990 927 3035 praeponatur
955 2986 1161 3023 exordium
1190 2987 1238 3024 dc
1267 2987 1545 3034 describendo,
1579 2987 1773 3024 adiciatur
1801 2987 1886 3024 dies

226 3197 258 3238 ¹)
295 3199 408 3230 Aliter
439 3200 482 3231 de
512 3200 588 3231 loco
618 3201 758 3243 Iosephi
789 3203 952 3234 iudicavit
977 3203 1178 3236 Huebnerus
1211 3206 1245 3237 in
1279 3207 1523 3237 commentario
1557 3206 1599 3237 de
1633 3207 1717 3238 actis
1749 3212 1885 3239 senatus

125 3269 160 3301 p.
186 3260 224 3301 q.*
245 3259 288 3292 R.
312 3271 346 3302 p.
369 3261 432 3301 183
457 3261 518 3292 sed
542 3261 745 3294 documento
769 3263 806 3294 in
834 3264 955 3295 Africa
979 3270 1113 3305 reperto
1139 3267 1291 3308 quaestio
1318 3267 1431 3299 decisa
1457 3272 1517 3299 est.
