2222 3594
276 265 299 309 1
308 263 370 309 56
1031 274 1269 315 conssEN:

270 391 308 428 d.
333 390 423 429 Osk.
448 389 537 439 Spr.
563 403 604 439 p.
627 389 715 439 93).
772 389 861 427 Hoc
890 402 984 428 vero
1013 391 1177 440 antiquo
1208 391 1438 430 accusativo
1466 390 1631 429 Lucano
1661 406 1722 428 εκο
1752 391 2028 442 comprobatur

271 471 361 496 mea
390 459 607 506 sententia,
646 459 763 496 etiam
797 473 932 512 σακορο
963 459 1001 495 in
1032 459 1148 496 titulo
1177 459 1501 497 Mamertinorum
1530 459 1770 498 Messinensi
1805 471 1893 497 esse
1921 472 2031 499 accu—

270 527 443 565 sativum
473 527 572 578 sing.
602 533 743 574 neutr.,
773 526 940 577 ideoque
970 527 1090 565 verba
1118 528 1224 565 eius:
1254 526 1420 578 [Στε]νις
1448 530 1603 566 Καλινις
1622 526 1836 573 Era-treme,
1865 527 2030 582 [Μαρ]οις

270 598 455 639 Πομπτιες
483 591 701 641 Νιυμσ-διηις
739 590 896 647 μεδδειξ
926 609 1083 634 ouva-svs·
1127 594 1254 645 [ειν]ιμ
1295 610 1403 632 τουτο
1433 599 1640 649 Μαμερτινο
1671 594 1728 644 [Α]
1739 600 1936 640 πελλουνηι
1965 610 2031 633 cm·—

269 678 352 717 κορο
385 663 576 713 (Momms.
611 663 696 701 Uret.
723 663 834 700 Dial.
856 669 880 700 t.
904 661 1004 710 XII,
1034 662 1099 709 39,
1121 676 1164 712 p.
1184 662 1260 701 193
1288 663 1365 713 sq.)
1395 663 1635 712 significare:
1669 661 1822 701 Stenius
1851 663 2031 702 Kalinius

271 731 389 770 Statii
416 734 474 782 f.‚
511 732 652 769 Maras
681 731 878 780 Pomptius
907 730 1117 768 Numisidz‘i
1143 731 1181 779 f.
1211 731 1395 769 meddices
1426 734 1571 780 operati
1600 738 1687 769 sunt
1719 738 1754 769 et
1781 733 1913 770 civitas
1941 730 2029 770 Ma-

269 802 432 837 mertina
451 799 630 850 Apollini
649 811 812 845 sacrum,
842 811 961 849 quam
984 799 1143 849 quidem
1171 799 1534 849 interpretationem
1566 800 1684 837 etiam
1706 799 1796 837 aliis
1815 799 2032 838 rationibus

269 867 494 906 confirmari
518 868 582 906 hic
607 880 686 906 non
713 879 812 917 opus
842 873 915 914 est,
945 872 988 904 ut
1016 879 1212 916 exponam
1241 866 1305 916 (O.
1325 867 1372 904 Z.
1393 868 1429 916 f.
1459 868 1576 917 verql.
1599 867 1691 918 Spr.
1714 867 1888 913 XVIII,
1918 867 2030 918 257).

269 935 342 974 Ille
373 936 492 986 igitur
522 937 770 974 accusativus
800 935 1044 985 pronominis
1063 935 1364 973 demonstrativi
1384 950 1444 972 εκο
1465 935 1597 986 ipsum
1616 935 1718 973 illud
1735 940 2032 973 monumentum

271 1004 517 1042 demonstrat
551 1003 793 1054 indicatque,
831 1004 872 1040 in
909 1015 986 1054 quo
1023 1004 1194 1052 scriptus
1231 1008 1309 1050 est,
1345 1009 1463 1053 atque
1493 1019 1553 1040 εκο
1583 1003 1836 1042 manifestum
1869 1008 1930 1041 est
1963 1003 2033 1041 ob-

267 1072 411 1110 iectum
428 1072 607 1111 eiusdem
628 1071 909 1110 enuntiationis
930 1070 1059 1110 Oscae
1080 1083 1183 1119 esse,
1207 1072 1320 1109 cuius
1342 1072 1559 1110 subiectum
1582 1072 1633 1109 sit
1651 1075 1697 1109 A.
1718 1075 1881 1110 Λαπονις
1901 1073 2030 1110 Οπιες.
2061 1107 2066 1118 ,

268 1139 356 1178 Iam
385 1153 476 1178 vero
505 1141 607 1178 hanc
638 1140 948 1178 enuntiationem
978 1140 1178 1178 continere
1215 1140 1386 1190 aliquam
1422 1139 1631 1178 dedicandi
1661 1140 1765 1178 sacri
1794 1139 1856 1178 vel
1891 1151 2029 1177 monu-

268 1209 390 1246 menti
418 1208 630 1246 formulam
659 1209 718 1246 eis
748 1221 810 1245 me
839 1208 956 1245 facile
986 1208 1245 1257 probaturum
1267 1220 1397 1258 spero,
1426 1208 1495 1258 qui
1524 1221 1604 1246 non
1631 1208 1827 1259 ignorant,
1857 1207 1899 1244 in
1927 1207 2032 1245 eius-

268 1276 377 1314 modi
413 1276 596 1314 formulis
631 1276 930 1327 inscriptionum
964 1275 1198 1314 Latinarum
1234 1282 1273 1314 et
1310 1274 1552 1315 Graecarum
1588 1275 1754 1314 verbum
1788 1287 1877 1313 cum
1914 1287 2033 1314 sensu

270 1344 402 1392 dandi,
434 1344 643 1383 dedicandi
671 1345 735 1382 vel
766 1344 1026 1382 consecrandi
1054 1344 1286 1394 saepissime
1316 1344 1508 1383 omissum
1538 1356 1641 1391 esse,
1671 1343 1729 1381 ita
1757 1349 1800 1381 ut
1829 1356 1880 1382 ex
1900 1343 2031 1381 animo
2098 1377 2101 1380 ,
2152 1340 2156 1355 ”

268 1412 485 1464 legentium
515 1413 779 1463 supplendum
809 1413 872 1450 sit.
923 1411 1023 1450 Cum
1052 1412 1280 1450 accusativo
1311 1412 1411 1462 sing.
1438 1417 1565 1450 neutr.
1596 1412 1841 1461 pronominis
1871 1411 2032 1450 demon-

270 1481 427 1519 strativi
455 1496 516 1517 εκο
548 1481 749 1519 artissimo
778 1493 921 1519 sensus
944 1480 1103 1518 vinculo
1133 1481 1366 1518 coniunctus
1395 1486 1456 1518 est
1484 1480 1733 1518 accusativus
1761 1479 1938 1518 eiusdem
1966 1491 2032 1530 ge-

266 1549 373 1587 neris
405 1564 475 1586 πιω
505 1562 577 1600 pro
602 1549 760 1599 pio(m)‚
790 1549 926 1587 eadem
957 1548 1141 1587 videlicet
1170 1549 1294 1599 stirpe
1323 1548 1515 1586 oriundus
1545 1554 1588 1586 ut
1615 1547 1706 1587 Lat.
1730 1551 1853 1599 pium,
1883 1546 2029 1587 Sabell.

262 1619 353 1667 pio,
396 1617 495 1656 Osk.
522 1618 679 1667 pithioz',
719 1617 858 1656 Umbr.
884 1618 1022 1666 pihatu
1050 1617 1131 1654 alia
1168 1616 1236 1666 (C.
1266 1616 1369 1655 Krit.
1388 1617 1512 1654 Beitr.
1538 1630 1582 1666 p.
1605 1616 1685 1656 391
1707 1629 1762 1666 sq.
1812 1616 1976 1666 Ausspr.
1995 1615 2031 1663 I,

269 1685 359 1723 342.
409 1686 475 1732 II,
504 1687 583 1724 ind.
613 1686 741 1724 vocab.
773 1687 830 1723 ed.
851 1685 914 1734 2).
974 1685 1178 1723 Habemus
1208 1686 1338 1736 igitur
1367 1684 1444 1722 duo
1479 1685 1621 1723 obiecti
1659 1697 1776 1735 casus
1805 1699 1875 1722 πιω
1895 1704 1951 1711 -—
1970 1697 2030 1720 220
2079 1733 2081 1735 Ι

268 1770 317 1785 =
346 1753 488 1803 pio(m)
519 1776 574 1782 -—-
603 1753 744 1804 elco(m)
783 1754 1049 1804 dependentes
1086 1755 1135 1791 ab
1170 1753 1306 1802 aliquo
1336 1753 1456 1790 verbo
1487 1752 1596 1791 Osco
1635 1753 1775 1799 dandi,
1811 1750 2031 1797 dedicandi,

267 1822 543 1870 consecrandi,
574 1822 679 1872 quod
708 1823 974 1872 supplendum
1002 1821 1169 1859 videtur.
1229 1822 1293 1859 Ex
1322 1835 1369 1860 eo
1398 1821 1585 1871 colligere
1615 1832 1847 1871 possumus,
1876 1819 2029 1857 litteras

267 1906 343 1928 αισ.
374 1890 478 1928 inter
507 1890 755 1928 accusativos
786 1905 856 1927 πιω
878 1896 917 1928 et
937 1905 998 1926 εκο
1029 1890 1184 1940 positas
1213 1890 1412 1927 continere
1443 1889 1606 1940 stirpem
1629 1889 1735 1927 vocis
1757 1887 1901 1934 Oscae,
1931 1899 2031 1937 quae

267 1965 306 1996 et
342 1958 433 2009 ipsa
466 1959 542 1996 hoc
577 1959 666 1996 loco
696 1959 775 1996 vim
806 1958 1025 1996 accusativi
1053 1958 1211 1995 habeat.
1271 1956 1538 2006 Quamobrem
1569 1972 1646 1994 αισ.
1677 1962 1812 1994 notam
1842 1952 2031 2006 supplen-

265 2026 355 2064 dam
387 2027 574 2065 existimo
604 2026 727 2076 ato-(0)
759 2027 1029 2064 accusativum
1060 2026 1162 2075 sing.
1192 2030 1319 2063 neutr.
1351 2030 1633 2077 congruentem
1667 2037 1758 2062 cum
1786 2039 1856 2061 πιω
1888 2029 1927 2061 et
1955 2037 2031 2067 εκσ,

265 2102 385 2144 atque
421 2095 538 2133 huius
577 2095 796 2133 accusativi
832 2107 994 2133 sensum
1031 2094 1240 2132 enucleare
1270 2093 1404 2132 ausim
1443 2099 1674 2143 comparata
1703 2091 1905 2131 Sabellica
1937 2078 2043 2130 voce⁹

266 2165 371 2201 aisos
402 2163 653 2210 sacrificium,
683 2162 874 2201 Umbrica
904 2175 1020 2201 esunu
1051 2162 1300 2209 sacrificium,
1321 2161 1473 2199 Volsca
1501 2164 1731 2207 esaristr0m‚
1763 2159 1873 2199 Osca
1901 2162 2031 2198 Aiser-

264 2234 343 2269 nim
373 2231 509 2281 oppidi
539 2231 710 2278 nomine,
745 2231 918 2269 Etrusca
947 2244 1060 2268 aesar
1088 2231 1185 2268 deus
1224 2228 1297 2278 (C.
1332 2229 1498 2279 Ausspr.
1520 2230 1556 2276 I,
1585 2229 1690 2275 375,
1721 2229 1778 2267 ed.
1799 2228 1870 2279 2),
1905 2228 1962 2265 ita
1989 2233 2032 2265 ut

266 2298 391 2348 aco-(o)
423 2300 716 2337 substantivum
746 2299 787 2336 in
817 2299 933 2337 titulo
962 2298 1160 2337 Dianensi
1190 2298 1385 2348 significet
1414 2310 1577 2336 sacrum.

376 2367 441 2404 Ad
472 2367 637 2405 subiecti
667 2379 784 2405 casus
805 2370 853 2404 A.
876 2371 1037 2406 Λαπονις
1058 2369 1174 2403 Οπιες
1202 2372 1240 2404 et
1270 2366 1412 2403 obiecti
1442 2377 1559 2403 casus
1589 2381 1659 2402 πιω
1690 2364 1816 2414 αισ(ο)
1850 2379 1910 2401 εκο
1941 2376 2031 2414 sup-

264 2435 453 2487 plendum
482 2440 544 2473 est
564 2435 713 2474 Oscum
740 2436 904 2473 verbum
935 2430 1056 2478 δεδετ,
1087 2435 1215 2472 deded.
1265 2434 1405 2483 Itaque
1435 2433 1653 2471 enuntiatio
1673 2432 1856 2471 Lucana:
1887 2435 1936 2470 A.
1956 2434 2030 2468 Λα-

263 2518 366 2542 πονις
393 2501 562 2555 ΠακῘηις
584 2507 700 2541 Οπιες
729 2518 799 2539 πιω
831 2502 956 2553 ato-(o)
978 2518 1038 2539 εκο
1065 2498 1210 2551 (δεδετ)
1231 2501 1374 2539 Latine
1404 2502 1628 2540 enarranda
1658 2506 1736 2539 est:
1766 2500 1891 2539 Aulus
1912 2499 2030 2538 Lam-

259 2573 403 2622 pomus
433 2571 564 2621 Paquz·
584 2572 694 2621 filius
727 2571 875 2621 Oppius
901 2574 1010 2621 pium
1040 2583 1190 2608 sacrum
1219 2570 1288 2608 hoc
1319 2570 1472 2619 (dedit).

374 2639 474 2677 Post
502 2640 601 2677 haec
630 2640 751 2678 verba
779 2639 821 2676 in
851 2651 1046 2677 marmore
1074 2638 1271 2676 Dianensi
1308 2638 1455 2686 scripta
1489 2638 1663 2687 incipere
1697 2637 1864 2675 alteram
1891 2634 2028 2675 inscri-

263 2708 413 2758 ptionis
449 2708 780 2755 enuntiationem,
819 2707 904 2758 ipse
939 2707 1111 2757 lapicida
1147 2718 1192 2744 eo
1226 2706 1425 2744 indicasse
1453 2705 1628 2752 videtur,
1665 2705 1773 2755 quod
1809 2709 1903 2755 post
1940 2714 2030 2753 pro-

263 2788 409 2814 nomen
437 2791 497 2812 εκο
529 2776 658 2826 spatio
688 2776 915 2813 intermisso
947 2786 1118 2824 sequens
1142 2774 1378 2812 vocabulum
1409 2773 1492 2811 eius
1514 2787 1538 2811 a
1557 2773 1719 2811 sinistra
1745 2779 1858 2823 parte
1885 2770 2029 2821 lapidis
2054 2806 2055 2809 ,

264 2844 438 2882 scribere
469 2849 508 2882 et
535 2844 752 2882 maioribus
781 2843 874 2880 inde
903 2843 1047 2881 litteris
1080 2843 1138 2880 uti
1168 2842 1310 2893 coepit.
1359 2842 1405 2879 In
1435 2841 1508 2879 hac
1536 2841 1657 2891 igitur
1686 2841 1790 2879 tituli
1818 2844 1932 2891 parte
1951 2838 2030 2879 Σα-

262 2909 364 2963 λαῘς
398 2912 503 2950 idem
533 2917 595 2950 est
623 2924 767 2950 nomen
799 2911 906 2961 quod
935 2911 1053 2949 etiam
1083 2911 1125 2948 in
1154 2911 1271 2948 titulo
1301 2909 1517 2960 sepulcrali
1538 2907 1719 2947 Cumano
1748 2908 1909 2958 legitur:
1941 2905 2031 2944 Sta-

270 2983 336 3017 ties
367 2979 482 3018 Silies
514 2979 656 3018 Salavs
688 2997 736 3012 =
770 2979 920 3018 Statius
958 2968 1080 3017 Silius
1119 2977 1297 3024 Salvius,
1334 2977 1399 3015 ubi
1436 2977 1577 3015 Salavs
1615 2989 1666 3014 ex
1704 2975 1839 3023 Salve,
1876 2974 2030 3013 Salvius

263 3054 393 3085 ortum
425 3060 513 3086 esse
544 3047 814 3085 demonstravi
843 3060 867 3084 a
897 3047 1027 3085 vocali
1057 3047 1159 3085 inter
1190 3051 1400 3096 sequentes
1428 3049 1692 3083 consonantes
1723 3043 1958 3094 interposita
1986 3046 2033 3079 ut

262 3116 303 3153 in
334 3117 523 3165 arayetud
542 3133 591 3148 =
614 3122 770 3165 amento
801 3115 864 3165 (Z.
887 3117 923 3164 f.
945 3115 1060 3164 veryl.
1086 3114 1178 3164 Spr.
1201 3114 1257 3161 X,
1288 3114 1369 3152 325
1390 3127 1446 3163 sq.
1489 3113 1583 3161 XX,
1609 3114 1664 3151 97
1684 3125 1740 3162 sq.
1786 3113 1950 3162 Ausspr.
1970 3109 2031 3156 H,

264 3183 355 3230 388,
386 3185 440 3221 ed.
469 3183 525 3233 2).
583 3183 777 3222 Ultimam
812 3183 1087 3232 inscriptionis
1116 3194 1253 3220 vocem
1277 3178 1380 3232 Ῐαλε
1419 3193 1496 3219 non
1534 3180 1755 3218 mutilatam
1785 3191 1875 3218 esse
1903 3164 2054 3216 fracto*

261 3250 396 3300 lapide
421 3251 484 3288 vel
505 3252 659 3289 detritis
680 3251 838 3298 litteris,
869 3263 916 3288 eo
946 3250 1200 3300 intellegitur,
1231 3249 1338 3300 quod
1367 3255 1460 3298 post
1487 3248 1661 3286 litteram
1690 3247 1847 3285 finalem
1876 3246 1961 3284 eius
1989 3243 2031 3281 in

262 3322 429 3368 utroque
458 3320 690 3370 apographo
711 3318 903 3357 Mandelli
923 3331 1090 3356 vacuum
1111 3323 1277 3369 apparet
1305 3316 1422 3355 unius
1451 3316 1606 3354 litterae
1637 3315 1821 3367 spatium,
1850 3314 1916 3352 ubi
1945 3311 2030 3350 nul-

262 3386 344 3423 lum
375 3387 595 3437 scripturae
625 3387 902 3426 detrimentum
934 3391 1105 3424 notatur.
1166 3384 1266 3424 Cum
1295 3385 1415 3435 igitur
1438 3381 1542 3436 Ῐαλε
1574 3401 1622 3417 --
1656 3384 1740 3421 vale
1767 3383 1921 3433 integra
1949 3390 2029 3417 vox
