2222 3594
301 247 394 294 148
872 233 1273 291 ADDITAMENTVM
1300 258 1411 291 voi..
1439 259 1476 290 11

292 383 384 416 vato
421 375 683 414 manumissio
718 378 929 424 patronum
965 374 1076 422 facit,
1114 373 1172 412 ita
1204 373 1242 411 in
1284 373 1369 412 iure
1403 373 1580 423 publico,
1611 373 1826 424 aliquando
1861 373 1957 412 fecit
1989 373 2058 415 de-

292 445 425 482 ductio
455 444 519 482 vel
553 436 594 480 in
628 443 747 480 fidem
779 443 964 493 receptio.
994 464 1044 470 —
1082 442 1207 480 Aliud
1236 447 1299 480 est
1326 441 1455 479 adhuc
1483 442 1682 492 ignotum,
1719 441 1798 480 iam
1827 453 1921 480 vero
1948 447 2059 494 pate-
2157 443 2209 493 ζεῖ-ζ)

290 513 461 558 factum,
498 517 722 550 senatorem
758 511 897 561 populi
925 511 1098 549 Romani
1130 511 1332 560 filiumque
1362 510 1558 548 senatoris
1587 515 1797 560 patronum
1827 510 1952 548 creari
1979 522 2059 549 non
2163 498 2221 561 {29³5

291 581 470 631 potuisse
499 593 547 618 60
576 585 753 630 tempore
782 591 863 629 quo
892 579 1101 628 imperium
1132 579 1327 616 obtineret
1353 579 1446 616 inve
1475 578 1678 628 provincia
1707 582 1832 626 esset;
1861 577 1970 628 quod
1988 591 2061 618 cur
2086 594 2087 599 ¹

2187 634 2206 648 2.

291 649 561 687 introductum
592 648 655 696 sit,
684 647 800 686 facile
830 652 1008 699 apparet.
1059 646 1251 686 Similiter
1271 647 1475 697 Augustus
1505 644 1815 696 provincialibus
1843 646 2060 695 interdixit,

291 730 340 755 ne
379 717 442 755 cui
479 716 730 766 magistratui
768 721 946 766 tempore
982 715 1240 766 magistratus
1278 715 1432 753 intrave
1470 713 1549 752 LX
1587 714 1672 752 dies
1717 721 1810 764 post
1846 727 1936 752 eum
1974 715 2059 754 fini-
2123 746 2134 756 .

291 790 375 823 tum
410 786 599 823 honorem
637 785 831 823 haberent
843 783 896 834 2).
959 784 1200 822 Patronatus
1236 788 1367 821 tamen
1405 783 1668 821 instrumenta.
1691 794 1812 833 quae
1849 789 2062 834 supersunt

291 867 341 892 ne
380 853 555 891 melioris
594 854 754 903 quidem
792 853 933 891 aetatis
973 864 1062 890 cum
1102 865 1150 890 ea
1187 853 1274 902 lege
1310 851 1409 889 satis
1445 850 1692 900 conspirant3
1731 863 1823 889 nam
1857 863 1949 898 curn
1981 863 2061 890 non

291 922 423 960 desint
451 922 506 959 ibi
536 922 733 971 equestris
764 921 912 960 ordinis
941 920 1098 971 patroni
1128 933 1176 958 eo
1205 925 1383 970 tempore
1411 919 1545 967 creati,
1576 931 1656 969 quo
1685 919 1726 957 in
1746 919 1951 970 provincia
1975 919 2062 958 offi-
2158 965 2183 971 ...

292 991 354 1028 cio
384 989 707 1040 fungerentur1),
745 996 826 1028 tres
857 995 961 1027 certe
989 989 1083 1027 item
1113 989 1269 1039 repperi
1299 987 1480 1027 similiter
1509 995 1663 1026 creatos
1691 993 1880 1039 patronos
1910 987 2061 1026 ordinis
2122 981 2126 991 ⁷
2153 971 2215 1021 {nt

293 1058 503 1106 senatorii,
541 1058 694 1096 scilicet
721 1057 768 1096 L.
799 1058 1021 1096 Domitium
1051 1048 1361 1095 Ahenobarbum
1398 1069 1487 1095 cum
1522 1056 1738 1107 proconsul
1766 1061 1872 1094 esset
1900 1055 2062 1094 Africae
2184 1042 2192 1055 ⁵

293 1139 327 1164 a.
351 1140 389 1164 u.
410 1139 443 1164 c.
467 1126 546 1163 742
578 1126 633 1176 (v.
664 1140 703 1177 p.
729 1126 803 1164 147
837 1126 928 1164 adn.
952 1125 1009 1175 5),
1041 1125 1090 1174 Q.
1121 1126 1263 1164 Iulium
1295 1124 1519 1165 Secundum
1551 1137 1640 1177 cum
1668 1124 1825 1176 legatus
1855 1130 1962 1163 esset
1987 1136 2060 1176 pro

292 1199 475 1245 praetore
504 1193 721 1232 Numidiae
752 1207 786 1232 a.
814 1207 853 1245 p.
883 1193 978 1232 Chr.
1008 1195 1058 1233 55
1097 1194 1346 1243 (Wilmanns
1377 1207 1414 1232 n.
1437 1192 1592 1243 2852),
1628 1191 1675 1231 C.
1704 1192 1875 1231 Marium
1903 1192 2062 1232 Puden-

292 1269 371 1301 tem
401 1262 704 1309 Cornelianum,
745 1275 833 1300 cum
867 1263 1022 1313 legatus
1059 1267 1166 1301 esset
1194 1262 1362 1313 legionis
1392 1275 1427 1300 a.
1451 1260 1529 1299 222
1568 1260 1717 1308 (Orelli
1744 1260 1857 1311 956).
1917 1259 2063 1309 Quam·
2152 1311 2160 1315 Ν

294 1344 414 1382 quam
450 1331 597 1382 opponi
633 1336 782 1381 potest,
819 1331 854 1369 si
887 1331 1112 1382 praesidem
1146 1336 1355 1382 patronum
1390 1330 1580 1380 adoptare
1609 1329 1845 1381 generaliter
1871 1329 2063 1376 licuisset,
2097 1363 2101 1367 .
2148 1314 2211 1357 ²²⁴=³s

292 1401 410 1450 longe
440 1400 670 1450 plura‘eius
698 1401 856 1450 generis
885 1399 1148 1438 instrumenta
1175 1412 1248 1438 nos
1277 1399 1464 1437 habitura
1492 1398 1636 1446 fuisse,
1671 1402 1880 1449 potestque
1908 1410 1974 1436 res
2000 1397 2063 1436 vsic

293 1468 488 1520 explicari
517 1468 645 1520 legem
675 1481 776 1516 eam,
810 1481 927 1518 quam
960 1467 1211 1507 Ursonenses
1240 1468 1475 1514 habuerunt,
1496 1466 1963 1517 ,peraequeobtinuissffi
1993 1465 2066 1504 sed

292 1549 369 1574 non
410 1550 501 1575 raro
539 1542 676 1575 contra
714 1549 802 1575 eam
842 1541 1030 1587 patronos
1073 1536 1284 1587 adoptatos
1323 1547 1412 1574 esse
1450 1541 1519 1574 aut
1560 1520 1789 1586 contemptu
1827 1534 1913 1574 eius
1950 1535 2062 1587 igno·

292 1606 474 1644 rantiave
503 1611 572 1643 aut
600 1606 798 1654 permissu
826 1605 1078 1656 imperatoris
1093 1602 1146 1654 3).

101 1833 284 1874 Magistra·
408 1824 704 1875 Mayistratibas
734 1838 854 1874 prove
887 1827 1112 1874 mayistratu
1141 1825 1282 1873 populi
1309 1823 1474 1861 Romani
1503 1823 1540 1870 7,
1565 1822 1583 1859 1
1620 1822 1683 1860 ius
1720 1822 1836 1861 datur
1868 1823 1910 1861 in
1948 1823 2064 1862 decu·
2128 1828 2148 1871 J

101 1882 476 1964 tl{SPOPuFrionibus
513 1894 629 1931 ludos
671 1893 896 1943 spectandi3
943 1893 1062 1930 etiam
1097 1892 1204 1942 quod
1242 1891 1422 1941 sequitur
1457 1893 1567 1941 quive
1605 1893 1683 1929 iuri
1721 1892 1881 1930 dicundo
1913 1896 2068 1945 praeest
2101 1891 2159 1954 s..
2191 1880 2222 1923 -s

154 1941 271 1963 omam
295 1974 416 2012 supra
451 1975 489 2012 p.
516 1961 592 1999 132
629 1962 767 2000 monui
806 1973 885 1999 non
921 1961 972 1999 ad
1008 1961 1187 1999 coloniae
1223 1959 1480 2010 magistratus
1510 1960 1707 2009 pertinere
1734 1959 1880 2006 videri,
1916 1959 1987 1998 sed
2014 1959 2067 1998 ad
2190 1955 2218 2012 ’,νὴ

293 2031 448 2080 legatos
477 2031 788 2080 adsessoresque
816 2029 1110 2080 proconsulum.
1155 2029 1369 2067 Praeterea
1395 2029 1640 2077 maqistratas
1666 2034 1908 2078 potestasque
1926 2026 2067 2079 populi

293 2099 458 2137 Romani
478 2098 516 2145 2,
538 2097 603 2136 24.
626 2099 679 2136 34
709 2106 1065 2136 commemorantur
1093 2097 1194 2135 inter
1223 2108 1378 2143 causas,
1408 2102 1567 2146 propter
1598 2108 1697 2146 quas
1724 2102 1762 2134 et
1780 2096 1911 2134 IIviro
1930 2100 1970 2134 et
1988 2095 2067 2134 civi

293 2168 413 2206 liceat
448 2167 499 2204 ad
529 2178 691 2204 causam
723 2179 747 2204 a
776 2179 820 2205 se
850 2167 1044 2216 agendam
1072 2178 1153 2204 non
1181 2165 1335 2203 adesse.
1395 2164 1557 2203 Senator
1586 2166 1842 2214 senatoris-que
1861 2165 1972 2215 filius
1993 2177 2065 2215 po·
2097 2170 2101 2191 ῑ

289 2236 377 2286 puli
405 2237 571 2273 Romam·
605 2235 750 2285 quibus
786 2234 1087 2273 condicionibus
1123 2233 1280 2283 patroni
1314 2232 1493 2282 hospites
1528 2232 1708 2283 adoptari
1736 2232 1911 2283 possint,
1947 2231 2064 2270 modo

295 2304 488 2350 vidimus3
525 2304 619 2340 item
656 2317 693 2353 p.
726 2303 802 2341 132
838 2303 978 2341 iisdem
1015 2303 1131 2352 eique
1165 2302 1234 2351 qui
1273 2306 1431 2339 senator
1465 2301 1585 2339 fuerit
1617 2301 1679 2339 ius
1718 2300 1837 2345 tribui
1871 2300 1987 2339 ludos
2022 2298 2065 2338 in

295 2372 575 2411 decurionibus
605 2371 821 2422 spectandi.
876 2361 986 2409 Idem
1015 2371 1080 2408 ius
1112 2370 1149 2415 7,
1170 2371 1195 2407 4
1225 2370 1453 2408 conceditur
1477 2371 1669 2419 praesecto
1690 2370 1851 2419 fabrum
1878 2370 1957 2407 eius
1985 2379 2073 2406 rna-⁴

294 2445 478 2493 qistratus
508 2452 630 2490 prove
659 2442 904 2489 mmmmm,
941 2441 1007 2489 qui
1035 2439 1269 2489 Hispaniam
1297 2438 1512 2476 ulteriorem
1541 2437 1732 2484 obtinebit3
1770 2438 1819 2476 de
1843 2449 1924 2487 quo
1953 2448 2064 2487 prae-

294 2511 398 2548 fecto
442 2508 638 2559 equestris
685 2507 834 2546 ordinis
874 2508 1031 2546 homine
1068 2507 1158 2545 vide
1195 2519 1298 2556 quae
1336 2506 1420 2544 dixi
1458 2505 1699 2544 Staatsrecht
1740 2506 1782 2552 1,
1811 2503 1900 2543 102.
1938 2504 1983 2551 2,
2011 2503 2063 2543 92

296 2580 561 2626 dixeruntque
597 2587 698 2625 quos
734 2577 788 2614 ibi
817 2577 948 2614 citavi.
979 2599 1029 2605 —
1068 2575 1132 2613 De
1159 2575 1378 2613 honoribus
1409 2573 1455 2612 G.
1487 2572 1653 2612 Caesari
1681 2574 1723 2611 in
1750 2573 1837 2624 lege
1865 2571 2063 2612 attributis

297 2647 503 2685 dictatoris
533 2646 785 2696 imperatoris
816 2644 994 2683 consulis
1024 2643 1272 2693 proconsulis
1299 2643 1448 2680 dictum
1478 2646 1542 2681 est
1568 2655 1606 2692 p.
1632 2642 1723 2680 119.

399 2841 430 2883 ¹)
466 2841 646 2874 Eiusmodi
678 2840 814 2872 decreta
843 2840 880 2871 in
913 2839 1078 2871 honorem
1110 2837 1357 2880 praefectorum
1389 2837 1525 2869 fabrum
1556 2836 1649 2869 facta
1674 2840 1792 2868 extant
1822 2845 1853 2868 a.
1881 2836 1900 2868 7
1926 2846 1960 2878 p.
1981 2833 2061 2869 Chr.
2128 2846 2206 2882 ⁴5⁷<ss

296 2902 439 2944 <Marini
465 2904 550 2936 Arv.
577 2914 611 2945 p.
631 2902 716 2942 783)
743 2906 776 2934 et
801 2911 832 2934 a.
853 2902 897 2933 27
917 2905 951 2932 et
970 2900 1013 2932 28
1042 2900 1122 2940 (vol.
1141 2901 1185 2940 v,
1205 2897 1472 2939 4920-4922).
2149 2884 2203 2978 g

398 2963 430 3005 2)
468 2965 539 2997 Dio
558 2964 615 3004 56,
637 2963 694 2996 25.
1788 2960 1791 2962 ’
2160 2974 2209 3035 a

397 3025 429 3066 3)
469 3025 644 3067 [Fortasse
670 3026 807 3058 decreta
831 3024 917 3056 haec
943 3034 983 3055 eo
1010 3025 1085 3066 ipso
1112 3028 1265 3066 tempore
1289 3022 1381 3055 facta
1405 3026 1493 3062 sunt,
1522 3031 1588 3064 quo
1611 3021 1831 3063 proconsules
1849 3020 1900 3052 illi
1917 3018 2062 3062 legative
2120 3033 2180 3073 '3²5
2201 3014 2208 3038 ἕ

296 3088 448 3120 officium
474 3088 702 3130 deponebant,
730 3091 768 3119 ut
792 3087 963 3118 honorum
989 3096 1118 3126 eorum,
1146 3094 1232 3128 quos
1256 3084 1361 3117 modo
1386 3094 1504 3126 gerere
1526 3084 1715 3123 desiissent,
1741 3082 1908 3115 vocabula
1923 3079 2062 3114 abusivo

295 3150 337 3182 iis
365 3150 656 3182 continuarentur.
707 3147 879 3190 Ht'zssnnn]

1612 3228 1690 3266 ΤΗ.
1722 3215 1949 3277 Momasnn.
