2222 3594
204 830 352 864 Duoviri

190 1991 362 2025 Iudicium

191 2042 361 2083 recipera-

215 2092 343 2123 torium

190 2141 240 2172 rei
256 2140 368 2183 publi-

248 2199 308 2222 cae

383 287 477 332 140
953 299 1363 334 ADDITAMENTVM
1387 299 1499 334 voL.
1526 300 1565 334 11

380 414 638 464 distinguitur
665 414 715 452 ab
744 426 848 452 anno
877 414 1081 465 petitionis
1111 415 1253 465 ipsius.
1275 437 1329 445 ——
1359 414 1554 455 Convivia
1573 416 1732 466 publica
1751 417 1807 454 ita
1827 415 2028 466 prohibita
2046 429 2146 466 esse,

379 487 423 520 ut
452 482 663 520 candidato
693 494 764 532 per
791 482 832 521 id
861 487 1017 533 tempus
1047 483 1184 522 liceret
1212 485 1253 522 in
1285 484 1465 535 singulos
1496 484 1581 522 dies
1602 484 1782 522 homines
1804 483 2012 523 dumtaxat
2029 497 2146 524 nove-

377 562 452 589 nos
482 550 533 589 ad
561 563 701 589 cenam
720 562 876 599 vocare,
906 551 974 601 qui
1003 563 1191 590 numerus
1221 552 1350 591 iustus
1378 557 1439 590 est
1459 552 1633 591 convivii
1653 551 1859 602 privati1),
1889 551 2018 591 adhuc
2037 553 2146 605 igno·
2194 588 2197 590 .

375 619 584 665 rabamus3
621 623 780 657 cautum
815 624 946 657 autem
982 619 1038 658 ita
1073 632 1163 658 esse
1197 620 1355 659 videtur
1390 627 1485 671 post
1520 619 1769 659 Ciceronem'
1790 619 2016 666 consulem,
2056 633 2146 660 nam

377 699 466 725 cum
495 687 531 725 is
552 687 760 726 Murenam
789 687 977 735 defendit,
1007 687 1167 737 publica
1195 688 1356 738 quidem
1385 689 1571 727 convivia
1598 688 1800 739 prohibita
1819 693 1944 736 erant,
1975 689 2046 728 sed
2063 689 2148 728 lici-

378 761 506 794 torum
536 755 790 794 convivarum
820 760 950 794 certus
980 767 1167 795 numerus
1197 757 1371 795 nondum
1401 757 1587 795 definitus
1600 755 1654 806 2).

489 824 751 875 Magistratus
787 824 829 862 in
865 824 1021 862 colonia
1055 825 1290 863 creabantur
1325 824 1479 863 duoviri
1513 829 1551 863 et
1580 825 1751 872 aediles;
1788 830 2021 875 quaestores
2049 824 2146 864 nulli
2208 874 2210 878 .

377 892 632 931 inveniuntur
666 893 819 943 fuitque
855 892 1014 931 colonia
1042 894 1145 931 inter
1173 905 1241 931 eas
1271 904 1336 932 res
1365 892 1566 943 publicas,
1601 893 1670 931 ubi
1696 890 1922 942 ‘quaestura
1949 892 2051 931 inter
2076 893 2147 932 ho·

377 973 495 999 nores
532 974 614 1000 non
645 961 877 1008 habebatur,
915 961 985 999 sed
1015 973 1157 999 munus
1187 960 1399 1011 personale
1429 958 1593 1011 erat’3).
1624 983 1674 989 —-
1713 960 1805 999 Duo
1834 960 1910 998 viri
1945 959 2060 1010 (nam
2089 961 2146 999 sic

376 1030 481 1067 nude
511 1030 765 1068 nominantur
794 1030 969 1080 semper)
1000 1041 1195 1080 quaenam
1224 1030 1314 1067 iura
1340 1029 1560 1077 habuerint,
1588 1028 1733 1079 partim
1753 1041 1805 1068 ex
1824 1029 1876 1067 iis
1893 1027 2146 1079 intellegitur,
2188 1028 2222 1075 „5³

378 1110 481 1147 quae
512 1098 685 1137 diximus
716 1098 765 1136 de
793 1098 960 1137 decretis
990 1097 1266 1145 decurionum3
1297 1097 1446 1135 nullum
1477 1097 1582 1136 enim
1606 1097 1692 1136 fieri
1711 1096 1839 1148 potuit
1857 1096 1934 1135 nisi
1953 1096 2146 1135 referente
2176 1094 2219 1160 ἐξ

377 1166 600 1214 duumviro,
631 1167 781 1217 quique
809 1179 860 1204 ex
890 1166 1146 1204 decurionum
1176 1166 1332 1204 decreto
1362 1166 1510 1204 fiebant
1537 1165 1719 1217 magistri
1747 1165 1929 1203 fanorum
1955 1169 1995 1202 et
2011 1164 2145 1216 legati,
2180 1166 2222 1219 ,Ts-

376 1234 405 1271 ii
441 1234 600 1273 iubente
637 1235 775 1273 ordine
813 1234 929 1272 electi
966 1239 1058 1272 sunt
1093 1247 1118 1272 a
1147 1234 1339 1273 duoviris.
1397 1234 1468 1273 Ius
1499 1246 1656 1284 quoque
1685 1233 1854 1272 duoviro
1882 1232 2009 1271 fuisse
2035 1244 2184 1283 prae-.
2175 1219 2222 1270 ’Ἇῖ-

375 1302 472 1340 fecti
501 1303 751 1352 relinquendi
778 1302 883 1340 infra
911 1301 966 1352 (p.
993 1301 1090 1352 146)
1121 1302 1361 1351 videbimuS,
1392 1309 1437 1341 ut
1465 1315 1588 1352 supra
1617 1301 1674 1353 (p.
1698 1301 1794 1352 126)
1822 1301 1994 1340 vidimus
2020 1300 2081 1339 ius
2108 1299 2146 1339 ei

377 1370 504 1409 fuisse
533 1371 696 1410 armatis
728 1383 845 1422 quem
876 1370 998 1409 vellet
1025 1370 1292 1421 praeficiendi.
1340 1370 1473 1408 Etiam
1503 1370 1756 1421 vectigalium
1785 1375 1826 1408 et
1853 1369 1954 1408 ultra
1981 1368 2144 1407 tributo-

376 1451 465 1476 rum
488 1439 727 1478 locationem
757 1439 1057 1478 conductionem
1087 1444 1131 1477 ut
1149 1439 1302 1477 Romae
1332 1439 1382 1476 ad
1413 1451 1631 1485 censorem,
1660 1439 1717 1477 ita
1743 1438 1785 1476 in
1812 1438 1887 1476 hac
1914 1436 2071 1475 colonia
2096 1434 2178 1474 ad

2173 1274 2222 1353 ἐ

2168 1420 2213 1490 3

376 1507 566 1546 duoviros
604 1508 843 1558 pertinuisse
877 1507 969 1545 inde
1004 1507 1223 1558 colligitur,
1259 1507 1366 1557 quod
1394 1507 1435 1545 hi
1464 1507 1512 1545 de
1540 1507 1630 1545 loco
1659 1506 1817 1557 publico
1847 1518 1873 1543 a
1899 1505 2202 1556 redemptore
2195 1498 2220 1541 {a

377 1577 559 1626 mancipe
593 1576 741 1628 praede
778 1576 924 1614 donum
964 1576 1143 1625 accipere
1171 1581 1354 1614 vetantur
1383 1575 1441 1626 (p.
1466 1575 1576 1625 139).
1633 1575 1849 1614 Praeterea
1877 1573 1910 1612 si
1941 1572 2052 1612 cuius
2081 1572 2144 1610 de-
2166 1614 2208 1634 μ’

2180 1557 2213 1611 Ξ

377 1645 552 1683 curionis
584 1644 853 1684 sacerdotisve
882 1656 1027 1682 nomen
1056 1643 1105 1681 de
1135 1643 1280 1682 tabulis
1310 1643 1481 1694 publicis
1511 1626 1764 1681 eximendum
1793 1647 1867 1690 est,
1900 1641 2079 1680 eximunt
2105 1639 2145 1678 id
2167 1625 2210 1698 ἐξ),

378 1713 537 1751 duoviri
558 1713 615 1763 (1,
638 1713 692 1764 5).
714 1735 768 1741 —
796 1713 854 1750 At
882 1713 1058 1750 omnium
1087 1712 1258 1750 maxime
1288 1712 1496 1750 duovirum
1525 1716 1703 1762 potestas
1733 1711 1955 1749 continetur
1983 1672 2214 1758 11111101·10,»’ξ

377 1781 559 1829 militiae,
595 1781 702 1820 domi
738 1787 870 1819 autem
903 1781 1071 1827 iudicio,
1109 1792 1277 1830 quorum
1315 1793 1364 1818 ne
1400 1779 1500 1817 illud
1536 1779 1695 1829 quidem
1725 1778 1901 1817 duoviris
1929 1777 2048 1828 plane
2080 1761 2163 1831 deff
2190 1783 2208 1830 j

376 1849 500 1888 fuisse
535 1850 601 1888 lex
635 1850 807 1900 primum
839 1850 938 1887 haec
976 1849 1130 1898 aperuit
1165 1848 1220 1899 (v.
1251 1861 1290 1898 p.
1314 1847 1424 1898 126).
1483 1846 1562 1887 Sed
1595 1848 1643 1886 de
1673 1859 1719 1886 eo
1749 1859 1836 1886 cum
1868 1858 1990 1898 supra
2016 1837 2163 1902 actum-5⁵
2192 1864 2209 1887 .-

378 1919 444 1966 sit,
474 1918 553 1956 hoc
580 1918 668 1956 loco
698 1923 850 1955 restant
877 1917 1026 1955 iudicia
1053 1917 1101 1954 de
1132 1917 1276 1967 quibus
1306 1916 1523 1954 videamus.

489 1986 731 2024 Iudiciorum
760 1986 838 2024 duo
867 1997 1014 2035 genera
1042 1998 1093 2024 ex
1122 1985 1197 2023 hac
1225 1985 1313 2035 lege
1341 1997 1366 2022 a
1394 1984 1559 2022 duoviro
1589 1989 1823 2022 exercentur
1841 1982 1998 2033 privata
2016 1988 2055 2020 et
2073 1974 2162 2032 pu-j‘

378 2055 495 2093 blica.
519 2078 570 2083 -
599 2054 766 2093 Privata
796 2066 1066 2104 quaecumque
1095 2053 1349 2091 inveniuntur
1378 2056 1558 2103 spectant
1586 2051 1638 2089 ad
1666 2051 1814 2090 multas
1843 2050 2022 2089 coloniae
2040 2060 2143 2088 com·
2154 2040 2201 2094 ’Ἄ

381 2123 525 2162 missas
554 2122 850 2174 recuperatorio
878 2122 1024 2159 iudicio
1055 2121 1292 2171 exigendas3
1322 2134 1414 2159 nam
1435 2132 1676 2170 quamquam
1695 2119 2035 2169 recuperatorium
2052 2103 2176 2171 οεεσιτ·

377 2191 568 2230 iudicium
605 2203 685 2242 non
721 2190 890 2228 adicitur
923 2190 1001 2228 nisi
1036 2190 1078 2227 in
1114 2190 1251 2228 tabula
1285 2189 1402 2228 tertia
1433 2189 1533 2227 locis
1563 2188 1724 2226 omnino
1753 2186 2000 2238 interpolatis
2037 2183 2192 2235 (vids

377 2272 416 2309 Ρ.
442 2259 539 2309 121)
571 2259 615 2306 6,
637 2257 703 2297 27.
725 2258 790 2296 46.
824 2258 860 2304 7,
883 2257 948 2296 29.
971 2258 1035 2296 37.
1059 2258 1124 2295 50.
1156 2258 1202 2305 8,
1227 2258 1289 2295 13.
1313 2257 1386 2304 32,
1423 2257 1472 2294 (10
1499 2257 1591 2307 ipsa
1618 2269 1661 2294 re
1690 2255 2012 2305 interpolatorem
2040 2255 2167 2293 rectu

377 2328 526 2366 referre
556 2327 727 2366 dubitari
756 2339 836 2364 non
863 2330 1008 2377 potest,
1038 2338 1110 2364 nec
1138 2326 1265 2376 magis
1292 2326 1454 2364 dubium
1481 2330 1541 2363 est
1570 2323 1763 2363 similibus
1792 2322 1953 2361 iudiciis
1983 2325 2159 2360 exactas

378 2409 465 2435 esse
502 2395 677 2434 eiusdem
714 2394 871 2445 generis
910 2394 1052 2432 multas
1089 2406 1192 2444 quae
1229 2398 1586 2432 commemorantur
1619 2403 1764 2442 genere
1797 2390 1936 2430 iudicii
1970 2401 2050 2428 non
2077 2387 2142 2427 (10·

377 2464 491 2503 finito
513 2463 570 2513 (1,
595 2464 656 2501 17.
681 2448 746 2502 25.
778 2464 814 2510 3,
837 2462 903 2500 21.
936 2462 973 2510 5,
998 2462 1079 2512 19).
1128 2461 1195 2500 Ad
1225 2474 1291 2500 eas
1321 2467 1464 2500 causas
1493 2455 1589 2499 item
1617 2460 1816 2510 pertinent
1843 2471 1947 2509 quae
1972 2470 2006 2496 0.
2025 2453 2143 2495 XCV
2179 2463 2181 2465 '

382 2534 418 2579 1,
439 2532 550 2570 32-
563 2533 599 2578 3,
623 2530 646 2568 2
677 2531 726 2570 (10
753 2531 1036 2581 reciperatorio
1057 2528 1201 2568 iudicio
1221 2531 1262 2568 in
1283 2530 1511 2568 universum
1531 2533 1731 2567 caventur.
1779 2526 1886 2566 Nam
1905 2535 2142 2577 quamquam
2182 2539 2190 2562 τ

377 2600 420 2638 111
453 2600 532 2639 fine
561 2599 707 2650 legitur
737 2601 849 2650 quasi
876 2601 912 2636 si
939 2611 1056 2648 neque
1085 2600 1229 2637 iudices
1259 2598 1394 2637 delecti
1427 2597 1493 2646 (in
1522 2596 1658 2635 tabula
1686 2600 1748 2634 est
1774 2593 1915 2644 relicti)
1944 2605 2062 2644 neque
2086 2591 2153 2630 roi

379 2670 604 2718 ciperatores
633 2670 673 2706 in
703 2680 783 2706 eam
811 2680 889 2706 rem
917 2668 1000 2705 dati
1029 2673 1166 2713 essent,
1202 2677 1303 2716 quae
1332 2665 1574 2715 praecedunt
1603 2663 1736 2702 omnia
1764 2663 1815 2701 ad
1844 2661 1954 2701 solos
1981 2670 2141 2711 10011Ρο-
2180 2707 2182 2709 ¹

483 2914 514 2955 ¹)
549 2915 593 2947 V.
615 2914 658 2946 19
671 2924 740 2956 sq.:
771 2910 821 2945 Ne
848 2936 856 2944 .
871 2935 880 2944 .
907 2911 1092 2944 convivium
1117 2909 1234 2943 habeto
1262 2934 1270 2942 .
1285 2934 1317 2942 ..
1338 2914 1477 2954 praeter
1503 2907 1591 2952 quod
1613 2908 1685 2951 ipse
1710 2905 1916 2939 kandidatus
1933 2906 2059 2951 petitor
2083 2925 2138 2937 ..-

379 2977 512 3009 vocarit
543 2974 619 3007 dum
651 2973 762 3015 [tamt
793 2973 843 3014 in]
871 2972 944 3005 dies
968 2972 1119 3016 sinqulos
1143 2971 1331 3013 Mancinum)
1356 2969 1477 3004 VIIII.
1527 2970 1608 3003 Non
1634 2964 1724 3001 recte
1750 2969 1793 3001 de
1818 2969 1905 3001 hora
1920 2967 2028 3001 VIIII
2050 2964 2157 3007 cogi-''
2178 2960 2179 2963 ¹

380 3040 464 3070 tavit
488 3038 670 3079 Berlanga.
720 3034 926 3077 Marquardt
949 3033 1206 3066 Privatalterth.
1229 3035 1260 3074 1,
1281 3034 1369 3066 310:
1403 3031 1463 3064 cler
1493 3029 1662 3070 Umstand,
1690 3029 1769 3071 das-⁸
1793 3028 1854 3062 der
1878 3021 2139 3077 (Speise-)Ticd

380 3098 495 3131 ebenso
527 3100 590 3131 wie
623 3097 686 3130 das
710 3095 907 3139 Esszimmer
939 3096 1120 3128 triclinium
1150 3094 1267 3137 heffst,
1301 3093 1383 3136 ldsst
1407 3092 1583 3133 «ει-1007111011,
1618 3090 1697 3134 dass
1721 3089 1806 3123 auch
1831 3089 1895 3122 das
1919 3087 2062 3122 Zimmer
2082 3084 2149 3119 tur-⁷

380 3159 575 3204 sprzinylieh,
599 3171 663 3192 nur
677 3158 743 3202 fzir
768 3168 853 3191 neun
881 3156 983 3190 Gdstc
1009 3156 1180 3190 bereclmet
1202 3155 1272 3189 und
1297 3155 1386 3188 diese
1413 3153 1506 3187 Zalzl
1529 3153 1582 3186 als
1605 3152 1737 3186 normal
1761 3149 1942 3189 (πεῖν-(1011101
1962 3147 2084 3182 wurdt.
2125 3159 2130 3162 ⁴

482 3232 514 3274 2)
551 3234 643 3266 Nam
676 3237 812 3265 senatus
839 3233 1031 3264 consultum
1056 3231 1092 3263 id
1117 3231 1159 3262 de
1185 3241 1253 3272 quo
1279 3229 1353 3261 dixi
1378 3237 1539 3261 enarrans
1566 3226 1687 3259 Cicero
1712 3226 1762 3258 ait
1785 3235 1848 3268 pro
1871 3224 1963 3257 Mur.
1991 3221 2055 3261 35,
2073 3219 2142 3252 '13³'

380 3306 455 3326 num
473 3295 619 3335 (senatus
635 3295 756 3327 crimen
770 3293 881 3338 putat)
908 3293 1012 3326 locum
1038 3291 1085 3324 ad
1109 3290 1320 3335 spectandum
1346 3289 1428 3322 dare
1455 3293 1514 3321 aut
1537 3286 1585 3320 ad
1601 3286 1785 3331 prandium
1809 3284 1977 3318 invitare.²
1999 3281 2137 3320 minabo,-

381 3355 440 3387 sed
462 3349 594 3399 ‘vulqo’.
647 3353 738 3394 Quid
762 3360 811 3388 est
835 3355 958 3399 vulqo‘?
983 3355 1166 3387 universos.

483 3427 514 3469 ³)
551 3429 632 3471 Dig.
651 3429 709 3470 50,
729 3430 762 3470 4,
785 3429 840 3470 18,
862 3431 893 3461 2.
945 3427 1150 3471 Marquardt
1175 3424 1391 3459 Staatsverw.
1415 3426 1446 3465 1,
1466 3424 1549 3457 492.

2199 3339 2203 3366 l
