2222 3594
558 221 961 257 ossii-avarionus
995 222 1364 258 erienAPchE
1385 223 1511 257 xvn.
1810 210 1909 258 253

140 339 208 381 uio
233 351 261 378 a
288 339 507 379 victoribus
533 321 780 389 impetrarit,
818 347 862 376 ut
889 338 1003 377 fratri
1036 344 1267 388 parceretur
1280 338 1332 389 ι).
1391 319 1572 390 Sapaeos
1602 340 1722 378 hosce
1749 341 1911 390 regulos

34 431 82 463 -4
141 407 305 447 omnino
338 407 497 447 differre
530 419 556 445 a
582 406 779 445 Thraciae
814 406 973 457 regibus
1017 406 1086 456 qui
1120 407 1304 446 dicuntur
1346 419 1435 445 cum
1474 407 1567 446 inde
1602 414 1768 460 apparet
1802 409 1910 459 quod

25 513 37 529 4
95 471 98 474 ⁴
139 475 184 514 in
210 475 318 515 bello
345 476 449 515 inter
467 473 681 515 Caesarem
701 482 741 513 et
759 474 997 524 Pompeium
1026 475 1550 526 accuratedistinguuntur,
1579 483 1663 515 tum
1683 490 1744 516 fex
1772 490 1911 516 narra-

139 541 249 583 tione
274 556 409 583 rerum
427 543 710 582 Thracicarum
738 548 831 582 aute
859 542 1056 594 proelium
1085 542 1365 594 Philippense;
1400 556 1493 583 nam
1522 557 1613 583 cum
1640 558 1712 597 per
1738 546 1781 584 id
1808 552 1908 586 tem·

138 623 218 663 pus
257 624 332 651 rex
369 611 567 650 Thraciae
600 611 733 649 infans
771 609 911 661 Cyzici
945 610 1125 662 degeret,
1179 609 1361 662 Sapaeos
1394 613 1562 663 regulos·
1607 613 1643 651 ei
1676 614 1908 653 interfuisse

18 670 41 697 '3‘
93 699 97 702 ·
134 679 259 733 modo
289 679 471 718 vidimus.
499 701 556 707 —
584 679 684 718 Post
711 679 863 728 aliquot
890 691 1019 718 annos
1056 679 1098 717 in
1126 680 1303 718 exercitu
1331 681 1495 719 Antonii
1525 688 1665 720 contra
1693 680 1905 721 Caesarem

25 742 45 762 ’·’
137 758 212 786 rex
238 746 401 798 quidam
421 746 619 786 Thraciae
648 747 735 793 suit,
765 759 882 797 quem
900 747 1144 786 Plutarchus
1174 747 1300 786 altero
1324 747 1468 797 10902)
1499 747 1684 788 Sadalam
1714 751 1904 801 appellat,

136 815 264 855 altero
275 814 316 865 ⁸)
346 814 669 862 Rhoemetalcen,
699 815 775 852 hoc
803 815 956 854 addens
985 828 1072 854 eum
1103 816 1155 854 ab
1175 816 1350 854 Antonio
1377 816 1429 855 ad
1450 815 1664 855 Caesarem
1695 817 1905 858 defecisse.

5 3581 20 3594 ν
13 3534 18 3543 ,
26 3507 35 3516 .
19 3478 27 3488 r<
17 3455 31 3466 >
0 3038 42 3439 ‹wwee

30 890 78 934 sffs.
137 880 181 923 Si
214 882 457 934 intellegitur
490 896 564 922 rex
600 882 775 921 Thracia
813 884 1044 931 universae,
1088 890 1256 934 utroque
1299 884 1388 922 loco
1431 884 1472 922 in
1507 885 1669 924 nomine
1711 888 1906 926 erraverit

133 955 274 998 auctor
309 962 472 990 necesse
510 958 592 997 est;
635 963 727 989 nam
763 964 852 990 eum
888 952 1019 990 locum
1054 951 1172 990 modo
1208 952 1569 991 demonstravimus
1604 959 1687 993 tum
1722 956 1903 994 tenuisse

49 1047 70 1057 ».
134 1017 268 1070 Cotyn
298 1017 471 1058 Sadalae
498 1019 639 1065 filium,
668 1019 737 1069 qui
765 1019 925 1058 adultus
954 1019 1081 1058 factus
1111 1020 1268 1059 interim
1295 1021 1508 1071 quominus
1537 1021 1645 1060 bello
1679 1022 1904 1062 interfuerit

27 1066 81 1102 '²1‘
134 1086 235 1127 nihil
269 1087 415 1126 obstat.
472 1086 593 1136 Quod
627 1087 663 1126 si
699 1100 835 1125 verum
871 1100 1015 1126 nomeu
1049 1087 1288 1127 Plutarchus
1333 1089 1469 1138 posuit
1506 1095 1676 1140 utroque
1712 1091 1802 1130 loco
1836 1092 1901 1131 vel

86 1172 97 1184 -
133 1161 239 1194 certe
273 1155 399 1194 altero
433 1161 543 1202 utro,
587 1155 714 1207 reguli
743 1155 928 1194 Thracici
964 1156 1007 1194 hi
1043 1156 1189 1195 fuerint
1223 1162 1382 1208 oportet
1417 1157 1504 1196 sive
1532 1156 1776 1210 Sapaeorum
1816 1161 1901 1200 sive

133 1222 239 1263 alius
267 1224 444 1263 cuiusvis
471 1223 623 1275 populi.

240 1335 287 1382 3.
335 1331 487 1400 Cotys
522 1345 695 1386 Sadalae
730 1351 770 1386 et
805 1347 1120 1386 Polemocratiae
1158 1347 1265 1386 filius
1280 1348 1341 1398 ⁴),
1378 1362 1495 1400 quem
1530 1362 1567 1388 a.
1588 1350 1667 1389 712
1704 1351 1898 1391 infantem

38 1414 82 1468 «ᾗέ,
125 1415 254 1455 fuisse
282 1415 471 1463 vidimus,
507 1415 649 1454 deinde
683 1427 806 1466 regno
840 1417 1009 1466 potitum
1045 1416 1275 1467 parentibus
1302 1416 1453 1468 Bizyae
1481 1419 1712 1458 memoriam
1741 1420 1898 1460 dedica-

52 1484 61 1495 “
86 1482 90 1518 ’ἶ
128 1483 258 1531 visse,
283 1483 400 1531 ‚obiit
439 1489 531 1522 ante
572 1496 608 1520 a.
638 1483 717 1523 738
762 1489 887 1522 morte
931 1484 1163 1530 immatura;
1207 1497 1298 1523 nam
1342 1485 1493 1524 liberos
1535 1487 1762 1538 impuberes
1803 1489 1892 1528 reli-

36 1560 57 1597 :
129 1552 218 1603 quit
235 1549 289 1601 ⁵)-

235 1663 285 1711 4.
336 1660 666 1727 Rhescuporis
697 1673 838 1725 Cotyis
872 1675 979 1714 filius
1004 1676 1169 1714 necdum
1201 1677 1325 1726 pubes
1359 1690 1432 1716 rex
1459 1679 1591 1718 factus
1617 1686 1680 1719 est
1706 1694 1742 1720 a.
1766 1681 1894 1734 738⁶)

125 1748 256 1785 tutore
283 1734 412 1794 ipsius
437 1750 477 1782 et
504 1743 744 1793 reliquorum
766 1742 907 1794 Cotyis
936 1744 1151 1782 liberorum
1187 1746 1402 1784 constituto
1430 1752 1575 1798 patruo
1595 1748 1892 1789 Rhoemetalca.

125 1810 231 1853 Tum
250 1811 421 1852 Romani
449 1824 539 1850 eum
558 1825 583 1850 a
602 1811 739 1850 Bessis
759 1811 1040 1859 defenderuut3
1068 1812 1206 1863 paullo
1236 1819 1326 1863 post
1354 1827 1390 1852 a.
1413 1815 1490 1853 743
1521 1816 1649 1866 reguli
1678 1818 1892 1858 eorundem

125 1879 343 1931 Vologaesi
371 1879 530 1919 insidiis
559 1879 788 1918 interfectus
817 1887 879 1919 est
891 1880 931 1930 ⁷)
961 1880 1196 1920 adulescens
1227 1882 1351 1933 stirpe
1380 1883 1494 1922 nulla
1521 1884 1674 1923 relicta.

224 2026 260 2068 ¹)
292 2027 475 2071 Appianas
498 2029 533 2061 b.
558 2039 587 2061 c.
606 2030 641 2068 4,
663 2029 744 2062 136.
795 2029 866 2061 Dio
892 2030 950 2070 47,
978 2030 1037 2062 48.

223 2086 259 2130 ²)
294 2090 423 2122 Anton.
450 2090 509 2123 61.
558 2090 629 2122 Dio
657 2090 715 2130 50,
742 2090 764 2122 6
792 2090 946 2123 Thraces
977 2092 1066 2124 inter
1098 2101 1157 2124 eos
1199 2093 1344 2134 populos
1374 2093 1546 2134 nominat,
1581 2095 1639 2137 qui
1672 2094 1716 2128 ab
1740 2096 1891 2130 Antonii

19 2144 75 2196 s*
119 2149 274 2193 ,atibus
299 2155 437 2192 starent,
462 2153 552 2194 regis
575 2162 700 2184 nomen
724 2152 856 2184 nullum
881 2153 989 2195 ponit.

222 2210 257 2252 ³)
288 2211 426 2245 Romul.
446 2214 490 2245 17
499 2226 508 2253 ;
535 2213 779 2255 apophthegm.
799 2213 897 2246 Caes.
916 2215 1007 2256 Aug.
1027 2215 1060 2246 2.

222 2270 256 2312 ⁴)
289 2273 440 2306 Titulum
458 2275 612 2306 Atticum
633 2274 672 2307 C.
691 2275 720 2306 Ι.
740 2274 801 2308 Gr.
825 2286 859 2307 n.
879 2276 967 2308 359:
994 2273 1146 2316 βασιλέα,
1162 2267 1292 2308 Roth-vv
1316 2274 1489 2317 βασιλέως
1509 2270 1806 2323 Ῥιισιουπᾶριδος
1829 2273 1887 2314 ὖὸν

31 2325 59 2374 ζ’
121 2333 202 2367 huie
227 2333 329 2376 Cotyi
359 2335 478 2367 tribuit
501 2335 708 2368 Boeckhius.
758 2336 816 2368 Ad
847 2337 993 2369 eundem
1026 2338 1150 2370 deinde
1183 2337 1399 2371 Cavedonius
1432 2337 1491 2378 (di
1521 2339 1640 2372 alenae
1671 2346 1794 2374 monete
1826 2354 1886 2375 an·

122 2393 209 2428 aiche
233 2393 328 2438 deqli
350 2395 460 2428 ultimi
487 2394 525 2428 re
550 2395 588 2428 da·
618 2395 754 2429 Tracia.
796 2397 967 2431 Modenae
996 2399 1100 2431 1846.
1119 2421 1124 2424 »
1145 2399 1194 2438 8.)
1218 2410 1252 2441 p.
1271 2400 1295 2432 4
1320 2401 1493 2433 revocavit
1518 2412 1677 2435 nummos
1702 2403 1886 2446 inscriptos

40 2446 96 2506 21⁷⁷
121 2465 304 2493 ΒΑΣΙΛΕΥΣ
333 2458 479 2501 κΟΤΥΣ)
509 2455 714 2505 (natust-:ni
744 2467 1085 2497 ΡΑΙΣΚΟΥΠΟΡΙΔΟΣ
1125 2466 1275 2506 (Eckhel
1301 2469 1341 2508 2,
1368 2468 1435 2508 59)
1479 2474 1581 2501 antea
1616 2471 1706 2503 male
1744 2473 1885 2505 omnino

121 2523 303 2557 attributos
329 2524 431 2567 Cotyi
453 2525 769 2568 Rhescuporidique
800 2527 843 2558 iis
875 2528 935 2569 qui
965 2528 1067 2559 simul
1096 2534 1280 2570 regnarunt
1311 2529 1372 2561 sub
1398 2531 1570 2572 Augusto.
1619 2531 1709 2564 Mihi
1739 2532 1881 2566 dubium

44 2592 61 2600 '⁵
121 2594 190 2618 uon
223 2590 275 2618 est
299 2585 412 2628 Cotyn
442 2586 533 2619 hunc
556 2583 825 2629 Rhescuporidis
857 2588 964 2620 filium
990 2589 1117 2622 vixisse
1147 2590 1324 2632 aliquanto
1359 2596 1437 2623 ante
1466 2601 1507 2623 ea
1533 2592 1575 2624 de
1602 2593 1723 2634 quibus
1749 2595 1882 2636 agimus

123 2649 291 2688 tempora.

222 2705 256 2747 ⁵)
287 2707 358 2739 Dio
385 2707 442 2747 54,
471 2709 529 2740 20.

222 2765 255 2808 ⁸)
285 2767 357 2800 Dio
381 2769 405 2800 l.
423 2779 464 2809 c.,
493 2769 536 2801 cf.
555 2769 612 2809 54,
635 2770 692 2802 34.
742 2771 851 2803 Huius
877 2776 927 2803 est
950 2771 1070 2803 titulus
1095 2782 1126 2804 a.
1148 2773 1239 2806 1838
1267 2780 1420 2816 repertus
1444 2775 1593 2807 Athenis
1618 2776 1663 2807 ad
1689 2777 1882 2820 exemplum

122 2827 237 2860 Roaii
263 2829 312 2860 sic
336 2829 447 2861 editus
470 2830 562 2872 apud
581 2831 750 2862 Adolfum
768 2831 907 2865 Schoell
931 2831 1100 2865 archaeol.
1118 2831 1375 2878 Mittheilunqen
1402 2846 1464 2867 aus
1491 2834 1735 2869 Griechenland
1756 2849 1791 2880 p.
1812 2840 1881 2872 128

133 2888 307 2930 aliquanto
343 2891 527 2922 correctius
562 2901 663 2933 quam
699 2892 822 2933 legitur
855 2893 892 2924 in
919 2893 1052 2935 ephem.
1077 2894 1247 2927 archaeol.
1264 2896 1470 2928 Atheniensi
1496 2898 1589 2930 1839
1615 2908 1647 2939 p.
1668 2899 1755 2930 226:

664 2961 825 2988 ΒΑΣΙΛΕΑ
854 2962 1131 2991 ΡΑΣΚΟΥΠΟΡΙΝ
1162 2964 1329 2992 ΚΟἸὙΟΣ

646 3028 797 3055 ΑΡΕΤΗξ
826 3029 981 3056 ENEKEN
1012 3030 1088 3056 ΤΗΣ
1116 3030 1173 3058 ΕΚ
1201 3032 1340 3060 ΕΑΤΟΝ
1370 3035 1411 3060 sic

755 3096 1019 3124 ΑΝΊῚΓΝΩΤΟΣ
1048 3097 1233 3125 mot-lieu

123 3151 303 3184 Artificem
329 3157 573 3183 commemorat
596 3152 729 3184 Plinius
755 3153 813 3193 34,
834 3155 866 3193 8,
895 3155 952 3186 86.

224 3209 257 3251 ⁷)
287 3212 358 3244 Dio
384 3212 442 3251 54,
470 3212 528 3244 34.
569 3214 608 3245 L.
634 3212 728 3252 Piso,
755 3215 814 3256 qui
839 3224 881 3246 eo
905 3220 1058 3257 tempore
1082 3217 1226 3249 rebelles
1251 3218 1394 3260 subegit,
1421 3220 1540 3252 consul
1564 3225 1616 3252 est
1640 3230 1672 3253 a.
1690 3232 1724 3254 u.
1742 3232 1773 3254 e.
1791 3223 1875 3256 739.

121 3272 187 3305 Hie
219 3277 269 3304 est
292 3273 392 3312 Piso,
425 3283 525 3314 quem
550 3274 733 3315 Antipater
756 3276 885 3316 pariter
909 3283 1009 3318 atque
1035 3276 1147 3318 Cotyn
1173 3278 1220 3320 (p.
1241 3280 1312 3311 254
1337 3279 1416 3312 adn.
1434 3280 1471 3321 4)
1501 3281 1537 3313 in
1563 3283 1771 3316 carminibus
1798 3293 1876 3328 pas-

121 3332 187 3365 sim
214 3333 363 3384 celebrat
387 3332 430 3365 ob
454 3343 509 3366 res
533 3333 667 3367 fortiter
690 3339 813 3377 gestas.
