<?xml version="1.0" encoding="UTF-8"?>
<!DOCTYPE html PUBLIC "-//W3C//DTD XHTML 1.0 Transitional//EN"
    "http://www.w3.org/TR/xhtml1/DTD/xhtml1-transitional.dtd">
<html xmlns="http://www.w3.org/1999/xhtml" xml:lang="en" lang="en">
 <head>
  <title>
</title>
<meta http-equiv="Content-Type" content="text/html;charset=utf-8" />
  <meta name='ocr-system' content='tesseract 3.04.00' />
  <meta name='ocr-capabilities' content='ocr_page ocr_carea ocr_par ocr_line ocrx_word'/>
</head>
<body>
  <div class='ocr_page' id='page_1' title='image "./ephemerisepigrap02deutuoft_0144.png"; bbox 0 0 2222 3594; ppageno 0'>
   <div class='ocr_carea' id='block_1_1' title="bbox 151 728 300 762">
    <p class='ocr_par' dir='ltr' id='par_1_1' title="bbox 151 728 300 762">
     <span class='ocr_line' id='line_1_1' title="bbox 151 728 300 762; baseline 0.013 -2"><span class='ocrx_word' id='word_1_1' title='bbox 151 728 300 762; x_wconf 81' lang='lat' dir='ltr'>Decreta</span> 
     </span>
    </p>
   </div>
   <div class='ocr_carea' id='block_1_2' title="bbox 1925 0 2222 184">
    <p class='ocr_par' dir='ltr' id='par_1_2' title="bbox 1925 0 2222 184">
     <span class='ocr_line' id='line_1_2' title="bbox 1925 0 2222 184; baseline 0 3410"><span class='ocrx_word' id='word_1_2' title='bbox 1925 0 2222 184; x_wconf 95' lang='lat' dir='ltr'> </span> 
     </span>
    </p>
   </div>
   <div class='ocr_carea' id='block_1_3' title="bbox 330 252 1516 302">
    <p class='ocr_par' dir='ltr' id='par_1_3' title="bbox 330 252 1516 302">
     <span class='ocr_line' id='line_1_3' title="bbox 330 252 1516 302; baseline 0.003 -4"><span class='ocrx_word' id='word_1_3' title='bbox 330 252 423 298; x_wconf 88' lang='lat'>136</span> <span class='ocrx_word' id='word_1_4' title='bbox 904 252 1314 302; x_wconf 79' lang='lat' dir='ltr'>ADDITAMENTVM</span> <span class='ocrx_word' id='word_1_5' title='bbox 1339 268 1452 301; x_wconf 76' lang='lat' dir='ltr'>vor..</span> <span class='ocrx_word' id='word_1_6' title='bbox 1477 269 1516 301; x_wconf 93' lang='lat'>11</span> 
     </span>
    </p>
   </div>
   <div class='ocr_carea' id='block_1_4' title="bbox 332 334 536 338">
    <p class='ocr_par' dir='ltr' id='par_1_4' title="bbox 332 334 536 338">
     <span class='ocr_line' id='line_1_4' title="bbox 332 334 536 338; baseline 0 0"><span class='ocrx_word' id='word_1_7' title='bbox 332 334 536 338; x_wconf 95' lang='lat' dir='ltr'> </span> 
     </span>
    </p>
   </div>
   <div class='ocr_carea' id='block_1_5' title="bbox 326 381 2096 501">
    <p class='ocr_par' dir='ltr' id='par_1_5' title="bbox 326 381 2096 501">
     <span class='ocr_line' id='line_1_5' title="bbox 326 381 2094 434; baseline 0.002 -15"><span class='ocrx_word' id='word_1_8' title='bbox 326 381 410 419; x_wconf 86' lang='lat' dir='ltr'>sive</span> <span class='ocrx_word' id='word_1_9' title='bbox 449 381 688 431; x_wconf 79' lang='lat' dir='ltr'>oppidani1)</span> <span class='ocrx_word' id='word_1_10' title='bbox 730 382 814 420; x_wconf 91' lang='lat' dir='ltr'>sive</span> <span class='ocrx_word' id='word_1_11' title='bbox 856 382 996 420; x_wconf 73' lang='lat' dir='ltr'>urbani</span> <span class='ocrx_word' id='word_1_12' title='bbox 1007 381 1067 433; x_wconf 83' lang='lat'>2),</span> <span class='ocrx_word' id='word_1_13' title='bbox 1111 395 1179 422; x_wconf 90' lang='lat' dir='ltr'>eos</span> <span class='ocrx_word' id='word_1_14' title='bbox 1222 384 1301 421; x_wconf 91' lang='lat' dir='ltr'>iam</span> <span class='ocrx_word' id='word_1_15' title='bbox 1342 384 1611 434; x_wconf 83' lang='lat' dir='ltr'>intellegimus</span> <span class='ocrx_word' id='word_1_16' title='bbox 1654 383 1774 421; x_wconf 88' lang='lat' dir='ltr'>etiam</span> <span class='ocrx_word' id='word_1_17' title='bbox 1817 383 1900 420; x_wconf 92' lang='lat' dir='ltr'>iure</span> <span class='ocrx_word' id='word_1_18' title='bbox 1937 381 2094 423; x_wconf 80' lang='lat' dir='ltr'>differre</span> 
     </span>
     <span class='ocr_line' id='line_1_6' title="bbox 326 448 2096 501; baseline 0.002 -15"><span class='ocrx_word' id='word_1_19' title='bbox 326 462 350 486; x_wconf 90' lang='lat' dir='ltr'>a</span> <span class='ocrx_word' id='word_1_20' title='bbox 382 449 562 499; x_wconf 88' lang='lat' dir='ltr'>reliquis.</span> <span class='ocrx_word' id='word_1_21' title='bbox 623 448 729 498; x_wconf 82' lang='lat' dir='ltr'>Quid</span> <span class='ocrx_word' id='word_1_22' title='bbox 761 450 868 500; x_wconf 92' lang='lat' dir='ltr'>quod</span> <span class='ocrx_word' id='word_1_23' title='bbox 898 463 987 488; x_wconf 86' lang='lat' dir='ltr'>cum</span> <span class='ocrx_word' id='word_1_24' title='bbox 1017 451 1167 501; x_wconf 86' lang='lat' dir='ltr'>passim</span> <span class='ocrx_word' id='word_1_25' title='bbox 1198 451 1358 498; x_wconf 89' lang='lat' dir='ltr'>titulos,</span> <span class='ocrx_word' id='word_1_26' title='bbox 1395 453 1500 490; x_wconf 89' lang='lat' dir='ltr'>intra</span> <span class='ocrx_word' id='word_1_27' title='bbox 1528 463 1662 490; x_wconf 86' lang='lat' dir='ltr'>muros</span> <span class='ocrx_word' id='word_1_28' title='bbox 1694 451 1865 498; x_wconf 85' lang='lat' dir='ltr'>scilicet,</span> <span class='ocrx_word' id='word_1_29' title='bbox 1903 450 2096 490; x_wconf 82' lang='lat' dir='ltr'>dedicarit</span> 
     </span>
    </p>
   </div>
   <div class='ocr_carea' id='block_1_6' title="bbox 319 517 2157 569">
    <p class='ocr_par' dir='ltr' id='par_1_6' title="bbox 319 517 2157 569">
     <span class='ocr_line' id='line_1_7' title="bbox 319 517 2157 569; baseline 0.002 -15"><span class='ocrx_word' id='word_1_30' title='bbox 319 517 429 567; x_wconf 81' lang='lat' dir='ltr'>plebs</span> <span class='ocrx_word' id='word_1_31' title='bbox 466 518 633 565; x_wconf 79' lang='lat' dir='ltr'>urbana,</span> <span class='ocrx_word' id='word_1_32' title='bbox 681 518 767 555; x_wconf 85' lang='lat' dir='ltr'>viro</span> <span class='ocrx_word' id='word_1_33' title='bbox 804 518 993 567; x_wconf 89' lang='lat' dir='ltr'>primario</span> <span class='ocrx_word' id='word_1_34' title='bbox 1024 518 1248 557; x_wconf 85' lang='lat' dir='ltr'>Veronensi</span> <span class='ocrx_word' id='word_1_35' title='bbox 1286 519 1496 569; x_wconf 83' lang='lat' dir='ltr'>titulum³)</span> <span class='ocrx_word' id='word_1_36' title='bbox 1535 519 1721 569; x_wconf 82' lang='lat' dir='ltr'>posuisse</span> <span class='ocrx_word' id='word_1_37' title='bbox 1758 518 1957 556; x_wconf 89' lang='lat' dir='ltr'>invenitur</span> <span class='ocrx_word' id='word_1_38' title='bbox 1987 518 2095 568; x_wconf 70' lang='lat' dir='ltr'>plebs</span> <span class='ocrx_word' id='word_1_39' title='bbox 2154 547 2157 550; x_wconf 78' lang='lat'><em>,</em></span> 
     </span>
    </p>
   </div>
   <div class='ocr_carea' id='block_1_7' title="bbox 323 585 2095 706">
    <p class='ocr_par' dir='ltr' id='par_1_7' title="bbox 323 585 2095 706">
     <span class='ocr_line' id='line_1_8' title="bbox 323 585 2095 637; baseline 0.002 -14"><span class='ocrx_word' id='word_1_40' title='bbox 323 585 559 635; x_wconf 78' lang='lat' dir='ltr'>univer(sa),</span> <span class='ocrx_word' id='word_1_41' title='bbox 597 586 750 624; x_wconf 88' lang='lat' dir='ltr'>scilicet</span> <span class='ocrx_word' id='word_1_42' title='bbox 783 592 864 624; x_wconf 88' lang='lat' dir='ltr'>tam</span> <span class='ocrx_word' id='word_1_43' title='bbox 896 587 1048 625; x_wconf 89' lang='lat' dir='ltr'>urbana</span> <span class='ocrx_word' id='word_1_44' title='bbox 1077 600 1194 637; x_wconf 89' lang='lat' dir='ltr'>quam</span> <span class='ocrx_word' id='word_1_45' title='bbox 1223 588 1390 635; x_wconf 86' lang='lat' dir='ltr'>rustica,</span> <span class='ocrx_word' id='word_1_46' title='bbox 1429 599 1596 637; x_wconf 90' lang='lat' dir='ltr'>eumque</span> <span class='ocrx_word' id='word_1_47' title='bbox 1626 587 1784 624; x_wconf 90' lang='lat' dir='ltr'>titulum</span> <span class='ocrx_word' id='word_1_48' title='bbox 1814 598 1894 624; x_wconf 90' lang='lat' dir='ltr'>non</span> <span class='ocrx_word' id='word_1_49' title='bbox 1914 585 2095 626; x_wconf 80' lang='lat' dir='ltr'>Veronae</span> 
     </span>
     <span class='ocr_line' id='line_1_9' title="bbox 326 653 1245 706; baseline 0.005 -16"><span class='ocrx_word' id='word_1_50' title='bbox 326 653 546 702; x_wconf 80' lang='lat' dir='ltr'>proposuit,</span> <span class='ocrx_word' id='word_1_51' title='bbox 577 654 646 692; x_wconf 90' lang='lat' dir='ltr'>sed</span> <span class='ocrx_word' id='word_1_52' title='bbox 676 661 792 692; x_wconf 88' lang='lat' dir='ltr'>extra</span> <span class='ocrx_word' id='word_1_53' title='bbox 820 655 958 693; x_wconf 88' lang='lat' dir='ltr'>urbem</span> <span class='ocrx_word' id='word_1_54' title='bbox 989 654 1245 706; x_wconf 88' lang='lat' dir='ltr'>Colognolae.</span> 
     </span>
    </p>
   </div>
   <div class='ocr_carea' id='block_1_8' title="bbox 139 720 2137 918">
    <p class='ocr_par' dir='ltr' id='par_1_8' title="bbox 139 720 2137 918">
     <span class='ocr_line' id='line_1_10' title="bbox 435 720 2137 773; baseline 0.001 -14"><span class='ocrx_word' id='word_1_55' title='bbox 435 720 650 760; x_wconf 78' lang='lat' dir='ltr'>Decretum</span> <span class='ocrx_word' id='word_1_56' title='bbox 690 723 944 761; x_wconf 88' lang='lat' dir='ltr'>decurionum</span> <span class='ocrx_word' id='word_1_57' title='bbox 975 730 1017 761; x_wconf 93' lang='lat' dir='ltr'>ut</span> <span class='ocrx_word' id='word_1_58' title='bbox 1044 724 1128 761; x_wconf 88' lang='lat' dir='ltr'>iure</span> <span class='ocrx_word' id='word_1_59' title='bbox 1157 724 1245 770; x_wconf 91' lang='lat' dir='ltr'>fiat,</span> <span class='ocrx_word' id='word_1_60' title='bbox 1282 723 1514 773; x_wconf 87' lang='lat' dir='ltr'>plerumque</span> <span class='ocrx_word' id='word_1_61' title='bbox 1544 729 1674 761; x_wconf 87' lang='lat' dir='ltr'>certus</span> <span class='ocrx_word' id='word_1_62' title='bbox 1705 733 1890 760; x_wconf 88' lang='lat' dir='ltr'>numerus</span> <span class='ocrx_word' id='word_1_63' title='bbox 1921 729 1964 760; x_wconf 92' lang='lat' dir='ltr'>ut</span> <span class='ocrx_word' id='word_1_64' title='bbox 1992 722 2098 761; x_wconf 85' lang='lat' dir='ltr'>adsit</span> <span class='ocrx_word' id='word_1_65' title='bbox 2126 751 2137 760; x_wconf 85' lang='lat'>.</span> 
     </span>
     <span class='ocr_line' id='line_1_11' title="bbox 147 778 2095 839; baseline 0.002 -13"><span class='ocrx_word' id='word_1_66' title='bbox 147 778 303 810; x_wconf 88' lang='lat' dir='ltr'>decurio·</span> <span class='ocrx_word' id='word_1_67' title='bbox 326 790 551 839; x_wconf 86' lang='lat' dir='ltr'>requiritur.</span> <span class='ocrx_word' id='word_1_68' title='bbox 609 790 714 829; x_wconf 90' lang='lat' dir='ltr'>Nam</span> <span class='ocrx_word' id='word_1_69' title='bbox 753 791 801 828; x_wconf 90' lang='lat' dir='ltr'>de</span> <span class='ocrx_word' id='word_1_70' title='bbox 837 804 916 828; x_wconf 87' lang='lat' dir='ltr'>una</span> <span class='ocrx_word' id='word_1_71' title='bbox 952 796 1103 829; x_wconf 90' lang='lat' dir='ltr'>tantum</span> <span class='ocrx_word' id='word_1_72' title='bbox 1140 805 1201 839; x_wconf 90' lang='lat' dir='ltr'>re,</span> <span class='ocrx_word' id='word_1_73' title='bbox 1238 792 1391 830; x_wconf 90' lang='lat' dir='ltr'>scilicet</span> <span class='ocrx_word' id='word_1_74' title='bbox 1425 792 1606 830; x_wconf 85' lang='lat' dir='ltr'>hostibus</span> <span class='ocrx_word' id='word_1_75' title='bbox 1643 791 1822 829; x_wconf 88' lang='lat' dir='ltr'>coloniae</span> <span class='ocrx_word' id='word_1_76' title='bbox 1857 790 2095 829; x_wconf 87' lang='lat' dir='ltr'>territorium</span> 
     </span>
     <span class='ocr_line' id='line_1_12' title="bbox 139 838 2094 918; baseline 0.001 -24"><span class='ocrx_word' id='word_1_77' title='bbox 139 838 312 918; x_wconf 48' lang='lat' dir='ltr'>qulcildssdo</span> <span class='ocrx_word' id='word_1_78' title='bbox 324 857 601 896; x_wconf 87' lang='lat' dir='ltr'>invadentibus</span> <span class='ocrx_word' id='word_1_79' title='bbox 632 859 863 897; x_wconf 86' lang='lat' dir='ltr'>decuriones</span> <span class='ocrx_word' id='word_1_80' title='bbox 894 865 1159 909; x_wconf 85' lang='lat' dir='ltr'>quotcumque</span> <span class='ocrx_word' id='word_1_81' title='bbox 1190 860 1336 897; x_wconf 85' lang='lat' dir='ltr'>adsunt</span> <span class='ocrx_word' id='word_1_82' title='bbox 1367 866 1409 897; x_wconf 92' lang='lat' dir='ltr'>ut</span> <span class='ocrx_word' id='word_1_83' title='bbox 1438 859 1651 897; x_wconf 87' lang='lat' dir='ltr'>decernant</span> <span class='ocrx_word' id='word_1_84' title='bbox 1679 859 1917 908; x_wconf 85' lang='lat' dir='ltr'>permittitur</span> <span class='ocrx_word' id='word_1_85' title='bbox 1946 858 2010 908; x_wconf 98' lang='lat'>(5,</span> <span class='ocrx_word' id='word_1_86' title='bbox 2032 858 2094 909; x_wconf 87' lang='lat'>5);</span> 
     </span>
    </p>
   </div>
   <div class='ocr_carea' id='block_1_9' title="bbox 182 925 2098 977">
    <p class='ocr_par' dir='ltr' id='par_1_9' title="bbox 182 925 2098 977">
     <span class='ocr_line' id='line_1_13' title="bbox 182 925 2098 977; baseline 0.001 -13"><span class='ocrx_word' id='word_1_87' title='bbox 182 925 268 958; x_wconf 79' lang='lat' dir='ltr'>fiant</span> <span class='ocrx_word' id='word_1_88' title='bbox 329 926 480 964; x_wconf 88' lang='lat' dir='ltr'>scilicet</span> <span class='ocrx_word' id='word_1_89' title='bbox 515 926 571 964; x_wconf 91' lang='lat' dir='ltr'>ibi</span> <span class='ocrx_word' id='word_1_90' title='bbox 599 927 818 977; x_wconf 86' lang='lat' dir='ltr'>periculum</span> <span class='ocrx_word' id='word_1_91' title='bbox 848 933 910 965; x_wconf 81' lang='lat' dir='ltr'>cst</span> <span class='ocrx_word' id='word_1_92' title='bbox 937 928 978 965; x_wconf 90' lang='lat' dir='ltr'>in</span> <span class='ocrx_word' id='word_1_93' title='bbox 1005 940 1128 965; x_wconf 89' lang='lat' dir='ltr'>mora.</span> <span class='ocrx_word' id='word_1_94' title='bbox 1187 928 1329 965; x_wconf 90' lang='lat' dir='ltr'>Altero</span> <span class='ocrx_word' id='word_1_95' title='bbox 1359 928 1464 965; x_wconf 90' lang='lat' dir='ltr'>enim</span> <span class='ocrx_word' id='word_1_96' title='bbox 1494 928 1583 965; x_wconf 94' lang='lat' dir='ltr'>loco</span> <span class='ocrx_word' id='word_1_97' title='bbox 1614 927 1678 976; x_wconf 87' lang='lat'>(7,</span> <span class='ocrx_word' id='word_1_98' title='bbox 1705 926 1801 977; x_wconf 91' lang='lat'>15),</span> <span class='ocrx_word' id='word_1_99' title='bbox 1830 926 1898 964; x_wconf 89' lang='lat' dir='ltr'>ubi</span> <span class='ocrx_word' id='word_1_100' title='bbox 1928 926 1976 964; x_wconf 87' lang='lat' dir='ltr'>de</span> <span class='ocrx_word' id='word_1_101' title='bbox 2004 939 2098 965; x_wconf 82' lang='lat' dir='ltr'>cura</span> 
     </span>
    </p>
   </div>
   <div class='ocr_carea' id='block_1_10' title="bbox 325 995 2098 1114">
    <p class='ocr_par' dir='ltr' id='par_1_10' title="bbox 325 995 2098 1114">
     <span class='ocr_line' id='line_1_14' title="bbox 326 995 2097 1046; baseline 0.001 -14"><span class='ocrx_word' id='word_1_102' title='bbox 326 995 564 1045; x_wconf 89' lang='lat' dir='ltr'>templorum</span> <span class='ocrx_word' id='word_1_103' title='bbox 603 995 754 1045; x_wconf 88' lang='lat' dir='ltr'>agitur,</span> <span class='ocrx_word' id='word_1_104' title='bbox 797 1008 876 1033; x_wconf 90' lang='lat' dir='ltr'>non</span> <span class='ocrx_word' id='word_1_105' title='bbox 919 1002 999 1033; x_wconf 84' lang='lat' dir='ltr'>tam</span> <span class='ocrx_word' id='word_1_106' title='bbox 1035 996 1140 1033; x_wconf 86' lang='lat' dir='ltr'>idem</span> <span class='ocrx_word' id='word_1_107' title='bbox 1176 996 1419 1046; x_wconf 89' lang='lat' dir='ltr'>permittitur</span> <span class='ocrx_word' id='word_1_108' title='bbox 1461 1008 1578 1046; x_wconf 86' lang='lat' dir='ltr'>quam</span> <span class='ocrx_word' id='word_1_109' title='bbox 1617 1007 1805 1033; x_wconf 89' lang='lat' dir='ltr'>numerus</span> <span class='ocrx_word' id='word_1_110' title='bbox 1843 995 2097 1034; x_wconf 87' lang='lat' dir='ltr'>decurionum</span> 
     </span>
     <span class='ocr_line' id='line_1_15' title="bbox 325 1062 2098 1114; baseline 0 -13"><span class='ocrx_word' id='word_1_111' title='bbox 325 1063 528 1114; x_wconf 88' lang='lat' dir='ltr'>legitimus</span> <span class='ocrx_word' id='word_1_112' title='bbox 564 1076 644 1101; x_wconf 92' lang='lat' dir='ltr'>non</span> <span class='ocrx_word' id='word_1_113' title='bbox 681 1064 920 1101; x_wconf 88' lang='lat' dir='ltr'>enuntiatur.</span> <span class='ocrx_word' id='word_1_114' title='bbox 979 1064 1194 1102; x_wconf 88' lang='lat' dir='ltr'>Praeterea</span> <span class='ocrx_word' id='word_1_115' title='bbox 1235 1064 1401 1114; x_wconf 87' lang='lat' dir='ltr'>singulis</span> <span class='ocrx_word' id='word_1_116' title='bbox 1440 1064 1540 1102; x_wconf 88' lang='lat' dir='ltr'>locis</span> <span class='ocrx_word' id='word_1_117' title='bbox 1579 1063 1726 1101; x_wconf 85' lang='lat' dir='ltr'>diserte</span> <span class='ocrx_word' id='word_1_118' title='bbox 1765 1062 1813 1101; x_wconf 90' lang='lat' dir='ltr'>de</span> <span class='ocrx_word' id='word_1_119' title='bbox 1851 1076 1898 1101; x_wconf 93' lang='lat' dir='ltr'>eo</span> <span class='ocrx_word' id='word_1_120' title='bbox 1938 1068 2098 1101; x_wconf 87' lang='lat' dir='ltr'>cavetur</span> 
     </span>
    </p>
   </div>
   <div class='ocr_carea' id='block_1_11' title="bbox 327 1131 2190 1182">
    <p class='ocr_par' dir='ltr' id='par_1_11' title="bbox 327 1131 2190 1182">
     <span class='ocr_line' id='line_1_16' title="bbox 327 1131 2190 1182; baseline 0 -14"><span class='ocrx_word' id='word_1_121' title='bbox 327 1144 453 1180; x_wconf 92' lang='lat' dir='ltr'>neque</span> <span class='ocrx_word' id='word_1_122' title='bbox 483 1138 614 1169; x_wconf 90' lang='lat' dir='ltr'>tamen</span> <span class='ocrx_word' id='word_1_123' title='bbox 642 1132 791 1182; x_wconf 87' lang='lat' dir='ltr'>pariter</span> <span class='ocrx_word' id='word_1_124' title='bbox 821 1131 962 1169; x_wconf 89' lang='lat' dir='ltr'>ubivis.</span> <span class='ocrx_word' id='word_1_125' title='bbox 1012 1131 1117 1170; x_wconf 89' lang='lat' dir='ltr'>Nam</span> <span class='ocrx_word' id='word_1_126' title='bbox 1146 1139 1335 1181; x_wconf 88' lang='lat' dir='ltr'>quattuor</span> <span class='ocrx_word' id='word_1_127' title='bbox 1364 1132 1559 1182; x_wconf 85' lang='lat' dir='ltr'>capitibus</span> <span class='ocrx_word' id='word_1_128' title='bbox 1583 1132 1808 1181; x_wconf 87' lang='lat' dir='ltr'>requiritur,</span> <span class='ocrx_word' id='word_1_129' title='bbox 1839 1137 1884 1170; x_wconf 90' lang='lat' dir='ltr'>ut</span> <span class='ocrx_word' id='word_1_130' title='bbox 1902 1131 2006 1169; x_wconf 86' lang='lat' dir='ltr'>adsit</span> <span class='ocrx_word' id='word_1_131' title='bbox 2023 1143 2098 1169; x_wconf 82' lang='lat' dir='ltr'>non</span> <span class='ocrx_word' id='word_1_132' title='bbox 2163 1131 2190 1159; x_wconf 46' lang='grc' dir='ltr'>Ὗ*</span> 
     </span>
    </p>
   </div>
   <div class='ocr_carea' id='block_1_12' title="bbox 326 1199 2099 1250">
    <p class='ocr_par' dir='ltr' id='par_1_12' title="bbox 326 1199 2099 1250">
     <span class='ocr_line' id='line_1_17' title="bbox 326 1199 2099 1250; baseline -0.001 -13"><span class='ocrx_word' id='word_1_133' title='bbox 326 1202 449 1238; x_wconf 78' lang='lat' dir='ltr'>minus</span> <span class='ocrx_word' id='word_1_134' title='bbox 477 1203 600 1238; x_wconf 80' lang='lat' dir='ltr'>maior</span> <span class='ocrx_word' id='word_1_135' title='bbox 623 1213 720 1249; x_wconf 78' lang='lat' dir='ltr'>pars</span> <span class='ocrx_word' id='word_1_136' title='bbox 752 1200 829 1249; x_wconf 92' lang='lat' dir='ltr'>(sic</span> <span class='ocrx_word' id='word_1_137' title='bbox 859 1199 903 1246; x_wconf 87' lang='lat'>3,</span> <span class='ocrx_word' id='word_1_138' title='bbox 926 1199 968 1249; x_wconf 90' lang='grc'>9)</span> <span class='ocrx_word' id='word_1_139' title='bbox 1001 1200 1084 1237; x_wconf 87' lang='lat' dir='ltr'>sive</span> <span class='ocrx_word' id='word_1_140' title='bbox 1114 1203 1235 1238; x_wconf 81' lang='lat' dir='ltr'>maior</span> <span class='ocrx_word' id='word_1_141' title='bbox 1259 1213 1357 1250; x_wconf 79' lang='lat' dir='ltr'>pars</span> <span class='ocrx_word' id='word_1_142' title='bbox 1388 1200 1466 1250; x_wconf 88' lang='lat' dir='ltr'>(sic</span> <span class='ocrx_word' id='word_1_143' title='bbox 1494 1201 1529 1247; x_wconf 93' lang='lat'>1,</span> <span class='ocrx_word' id='word_1_144' title='bbox 1551 1200 1588 1238; x_wconf 89' lang='lat'>9.</span> <span class='ocrx_word' id='word_1_145' title='bbox 1621 1200 1663 1246; x_wconf 86' lang='lat'>3,</span> <span class='ocrx_word' id='word_1_146' title='bbox 1686 1199 1751 1237; x_wconf 80' lang='grc'>24.</span> <span class='ocrx_word' id='word_1_147' title='bbox 1783 1200 1827 1246; x_wconf 90' lang='grc'>8,</span> <span class='ocrx_word' id='word_1_148' title='bbox 1849 1200 1912 1249; x_wconf 86' lang='grc'>5),</span> <span class='ocrx_word' id='word_1_149' title='bbox 1947 1211 2026 1237; x_wconf 91' lang='lat' dir='ltr'>uno</span> <span class='ocrx_word' id='word_1_150' title='bbox 2056 1206 2099 1237; x_wconf 93' lang='lat' dir='ltr'>ut</span> 
     </span>
    </p>
   </div>
   <div class='ocr_carea' id='block_1_13' title="bbox 327 1266 2166 1523">
    <p class='ocr_par' dir='ltr' id='par_1_13' title="bbox 327 1266 2189 1523">
     <span class='ocr_line' id='line_1_18' title="bbox 327 1266 2097 1318; baseline -0.001 -14"><span class='ocrx_word' id='word_1_151' title='bbox 327 1267 432 1305; x_wconf 87' lang='lat' dir='ltr'>adsit</span> <span class='ocrx_word' id='word_1_152' title='bbox 459 1281 534 1305; x_wconf 80' lang='lat' dir='ltr'>non</span> <span class='ocrx_word' id='word_1_153' title='bbox 563 1270 685 1306; x_wconf 77' lang='lat' dir='ltr'>minus</span> <span class='ocrx_word' id='word_1_154' title='bbox 716 1269 876 1306; x_wconf 74' lang='lat' dir='ltr'>dimidia</span> <span class='ocrx_word' id='word_1_155' title='bbox 901 1280 1000 1317; x_wconf 81' lang='lat' dir='ltr'>pars</span> <span class='ocrx_word' id='word_1_156' title='bbox 1032 1268 1088 1316; x_wconf 88' lang='lat'>(6,</span> <span class='ocrx_word' id='word_1_157' title='bbox 1114 1268 1195 1318; x_wconf 90' lang='lat'>18),</span> <span class='ocrx_word' id='word_1_158' title='bbox 1226 1268 1394 1316; x_wconf 88' lang='lat' dir='ltr'>duobus,</span> <span class='ocrx_word' id='word_1_159' title='bbox 1425 1275 1467 1305; x_wconf 89' lang='lat' dir='ltr'>ut</span> <span class='ocrx_word' id='word_1_160' title='bbox 1492 1268 1626 1306; x_wconf 86' lang='lat' dir='ltr'>adsint</span> <span class='ocrx_word' id='word_1_161' title='bbox 1647 1280 1721 1306; x_wconf 79' lang='lat' dir='ltr'>non</span> <span class='ocrx_word' id='word_1_162' title='bbox 1742 1270 1865 1306; x_wconf 71' lang='lat' dir='ltr'>minus</span> <span class='ocrx_word' id='word_1_163' title='bbox 1885 1267 1924 1305; x_wconf 90' lang='lat' dir='ltr'><em>L</em></span> <span class='ocrx_word' id='word_1_164' title='bbox 1953 1266 2010 1317; x_wconf 88' lang='lat'>(3,</span> <span class='ocrx_word' id='word_1_165' title='bbox 2035 1266 2097 1305; x_wconf 88' lang='grc'>19.</span> 
     </span>
     <span class='ocr_line' id='line_1_19' title="bbox 329 1334 2102 1386; baseline 0.001 -12"><span class='ocrx_word' id='word_1_166' title='bbox 329 1336 371 1383; x_wconf 87' lang='grc'>6,</span> <span class='ocrx_word' id='word_1_167' title='bbox 395 1335 490 1385; x_wconf 88' lang='lat'>33),</span> <span class='ocrx_word' id='word_1_168' title='bbox 527 1336 633 1386; x_wconf 91' lang='lat' dir='ltr'>quod</span> <span class='ocrx_word' id='word_1_169' title='bbox 669 1336 806 1374; x_wconf 91' lang='lat' dir='ltr'>eodem</span> <span class='ocrx_word' id='word_1_170' title='bbox 837 1336 990 1374; x_wconf 91' lang='lat' dir='ltr'>videtur</span> <span class='ocrx_word' id='word_1_171' title='bbox 1025 1336 1174 1383; x_wconf 90' lang='lat' dir='ltr'>redire,</span> <span class='ocrx_word' id='word_1_172' title='bbox 1212 1349 1300 1374; x_wconf 89' lang='lat' dir='ltr'>cum</span> <span class='ocrx_word' id='word_1_173' title='bbox 1337 1336 1569 1374; x_wconf 85' lang='lat' dir='ltr'>decuriones</span> <span class='ocrx_word' id='word_1_174' title='bbox 1603 1341 1759 1374; x_wconf 89' lang='lat' dir='ltr'>centum</span> <span class='ocrx_word' id='word_1_175' title='bbox 1795 1336 1836 1373; x_wconf 93' lang='lat' dir='ltr'>in</span> <span class='ocrx_word' id='word_1_176' title='bbox 1871 1334 2102 1386; x_wconf 84' lang='lat' dir='ltr'>municipiis</span> 
     </span>
     <span class='ocr_line' id='line_1_20' title="bbox 328 1402 2099 1454; baseline 0.001 -13"><span class='ocrx_word' id='word_1_177' title='bbox 328 1416 417 1442; x_wconf 87' lang='lat' dir='ltr'>esse</span> <span class='ocrx_word' id='word_1_178' title='bbox 447 1404 661 1453; x_wconf 82' lang='lat' dir='ltr'>soleant4).</span> <span class='ocrx_word' id='word_1_179' title='bbox 711 1404 861 1442; x_wconf 87' lang='lat' dir='ltr'>Tribus</span> <span class='ocrx_word' id='word_1_180' title='bbox 891 1411 1045 1442; x_wconf 87' lang='lat' dir='ltr'>tantum</span> <span class='ocrx_word' id='word_1_181' title='bbox 1075 1404 1175 1442; x_wconf 90' lang='lat' dir='ltr'>locis</span> <span class='ocrx_word' id='word_1_182' title='bbox 1205 1416 1393 1442; x_wconf 89' lang='lat' dir='ltr'>numerus</span> <span class='ocrx_word' id='word_1_183' title='bbox 1424 1404 1586 1442; x_wconf 89' lang='lat' dir='ltr'>dimidio</span> <span class='ocrx_word' id='word_1_184' title='bbox 1616 1404 1742 1442; x_wconf 88' lang='lat' dir='ltr'>maior</span> <span class='ocrx_word' id='word_1_185' title='bbox 1769 1403 1946 1442; x_wconf 90' lang='lat' dir='ltr'>minorve</span> <span class='ocrx_word' id='word_1_186' title='bbox 1972 1402 2099 1454; x_wconf 87' lang='lat' dir='ltr'>exigi-</span> 
     </span>
     <span class='ocr_line' id='line_1_21' title="bbox 328 1456 2166 1523; baseline -0.001 -13"><span class='ocrx_word' id='word_1_187' title='bbox 328 1478 409 1519; x_wconf 86' lang='lat' dir='ltr'>tur,</span> <span class='ocrx_word' id='word_1_188' title='bbox 446 1478 485 1510; x_wconf 93' lang='lat' dir='ltr'>et</span> <span class='ocrx_word' id='word_1_189' title='bbox 520 1473 675 1510; x_wconf 90' lang='lat' dir='ltr'>duobus</span> <span class='ocrx_word' id='word_1_190' title='bbox 713 1473 870 1522; x_wconf 90' lang='lat' dir='ltr'>quidem</span> <span class='ocrx_word' id='word_1_191' title='bbox 907 1473 1052 1520; x_wconf 91' lang='lat' dir='ltr'>maior,</span> <span class='ocrx_word' id='word_1_192' title='bbox 1091 1474 1254 1510; x_wconf 83' lang='lat' dir='ltr'>duarum</span> <span class='ocrx_word' id='word_1_193' title='bbox 1278 1475 1451 1523; x_wconf 78' lang='lat' dir='ltr'>partium</span> <span class='ocrx_word' id='word_1_194' title='bbox 1486 1472 1549 1522; x_wconf 91' lang='lat'>(4,</span> <span class='ocrx_word' id='word_1_195' title='bbox 1573 1472 1615 1521; x_wconf 92' lang='lat'>1)</span> <span class='ocrx_word' id='word_1_196' title='bbox 1651 1472 1796 1519; x_wconf 88' lang='lat' dir='ltr'>altero,</span> <span class='ocrx_word' id='word_1_197' title='bbox 1833 1472 1957 1509; x_wconf 86' lang='lat' dir='ltr'>altero</span> <span class='ocrx_word' id='word_1_198' title='bbox 1987 1473 2099 1510; x_wconf 78' lang='lat' dir='ltr'>trium</span> <span class='ocrx_word' id='word_1_199' title='bbox 2138 1456 2166 1499; x_wconf 17' lang='grc' dir='ltr'>γ’</span> 
     </span>
    </p>
   </div>
   <div class='ocr_carea' id='block_1_14' title="bbox 322 1538 2100 1591">
    <p class='ocr_par' dir='ltr' id='par_1_14' title="bbox 322 1538 2100 1591">
     <span class='ocr_line' id='line_1_22' title="bbox 322 1538 2100 1591; baseline 0 -14"><span class='ocrx_word' id='word_1_200' title='bbox 322 1543 494 1591; x_wconf 81' lang='lat' dir='ltr'>partium</span> <span class='ocrx_word' id='word_1_201' title='bbox 525 1540 582 1589; x_wconf 85' lang='lat'>(7,</span> <span class='ocrx_word' id='word_1_202' title='bbox 608 1540 696 1590; x_wconf 86' lang='lat'>44),</span> <span class='ocrx_word' id='word_1_203' title='bbox 727 1553 805 1578; x_wconf 91' lang='lat' dir='ltr'>uno</span> <span class='ocrx_word' id='word_1_204' title='bbox 835 1540 975 1588; x_wconf 85' lang='lat' dir='ltr'>minor,</span> <span class='ocrx_word' id='word_1_205' title='bbox 1007 1547 1050 1578; x_wconf 94' lang='lat' dir='ltr'>ut</span> <span class='ocrx_word' id='word_1_206' title='bbox 1078 1540 1208 1578; x_wconf 87' lang='lat' dir='ltr'>adsint</span> <span class='ocrx_word' id='word_1_207' title='bbox 1237 1554 1310 1578; x_wconf 84' lang='lat' dir='ltr'>non</span> <span class='ocrx_word' id='word_1_208' title='bbox 1338 1543 1460 1578; x_wconf 77' lang='lat' dir='ltr'>minus</span> <span class='ocrx_word' id='word_1_209' title='bbox 1491 1540 1665 1578; x_wconf 88' lang='lat' dir='ltr'><em>XXXX</em></span> <span class='ocrx_word' id='word_1_210' title='bbox 1690 1540 1748 1589; x_wconf 90' lang='lat'>(4,</span> <span class='ocrx_word' id='word_1_211' title='bbox 1773 1539 1854 1590; x_wconf 83' lang='lat'>12).</span> <span class='ocrx_word' id='word_1_212' title='bbox 1905 1538 2100 1578; x_wconf 86' lang='lat' dir='ltr'>Convenit</span> 
     </span>
    </p>
   </div>
   <div class='ocr_carea' id='block_1_15' title="bbox 327 1607 2199 1661">
    <p class='ocr_par' dir='ltr' id='par_1_15' title="bbox 327 1607 2199 1661">
     <span class='ocr_line' id='line_1_23' title="bbox 327 1607 2199 1661; baseline -0.001 -15"><span class='ocrx_word' id='word_1_213' title='bbox 327 1609 450 1658; x_wconf 86' lang='lat' dir='ltr'>igitur</span> <span class='ocrx_word' id='word_1_214' title='bbox 477 1609 544 1646; x_wconf 86' lang='lat' dir='ltr'>lex</span> <span class='ocrx_word' id='word_1_215' title='bbox 572 1610 670 1646; x_wconf 89' lang='lat' dir='ltr'>haec</span> <span class='ocrx_word' id='word_1_216' title='bbox 698 1608 803 1646; x_wconf 91' lang='lat' dir='ltr'>Iulia</span> <span class='ocrx_word' id='word_1_217' title='bbox 832 1621 919 1647; x_wconf 89' lang='lat' dir='ltr'>cum</span> <span class='ocrx_word' id='word_1_218' title='bbox 950 1608 1177 1659; x_wconf 89' lang='lat' dir='ltr'>municipali</span> <span class='ocrx_word' id='word_1_219' title='bbox 1200 1607 1401 1655; x_wconf 85' lang='lat' dir='ltr'>Caesaris,</span> <span class='ocrx_word' id='word_1_220' title='bbox 1431 1621 1531 1659; x_wconf 89' lang='lat' dir='ltr'>quae</span> <span class='ocrx_word' id='word_1_221' title='bbox 1562 1614 1602 1646; x_wconf 92' lang='lat' dir='ltr'>et</span> <span class='ocrx_word' id='word_1_222' title='bbox 1626 1609 1718 1659; x_wconf 87' lang='lat' dir='ltr'>ipsa</span> <span class='ocrx_word' id='word_1_223' title='bbox 1747 1607 1801 1657; x_wconf 86' lang='lat' dir='ltr'>(v.</span> <span class='ocrx_word' id='word_1_224' title='bbox 1822 1607 1918 1657; x_wconf 91' lang='lat'>150)</span> <span class='ocrx_word' id='word_1_225' title='bbox 1947 1607 2099 1657; x_wconf 87' lang='lat' dir='ltr'>legatos</span> <span class='ocrx_word' id='word_1_226' title='bbox 2166 1645 2199 1661; x_wconf 30' lang='grc' dir='ltr'>τ’</span> 
     </span>
    </p>
   </div>
   <div class='ocr_carea' id='block_1_16' title="bbox 327 1675 2219 1796">
    <p class='ocr_par' dir='ltr' id='par_1_16' title="bbox 327 1668 2219 1796">
     <span class='ocr_line' id='line_1_24' title="bbox 327 1675 2219 1729; baseline -0.002 -15"><span class='ocrx_word' id='word_1_227' title='bbox 327 1689 399 1726; x_wconf 91' lang='lat' dir='ltr'>per</span> <span class='ocrx_word' id='word_1_228' title='bbox 433 1677 621 1715; x_wconf 91' lang='lat' dir='ltr'>maiorem</span> <span class='ocrx_word' id='word_1_229' title='bbox 656 1684 810 1727; x_wconf 88' lang='lat' dir='ltr'>partem</span> <span class='ocrx_word' id='word_1_230' title='bbox 845 1677 1100 1715; x_wconf 89' lang='lat' dir='ltr'>decurionum</span> <span class='ocrx_word' id='word_1_231' title='bbox 1138 1678 1263 1715; x_wconf 89' lang='lat' dir='ltr'>creari</span> <span class='ocrx_word' id='word_1_232' title='bbox 1298 1678 1426 1724; x_wconf 87' lang='lat' dir='ltr'>iubet,</span> <span class='ocrx_word' id='word_1_233' title='bbox 1469 1677 1736 1729; x_wconf 85' lang='lat' dir='ltr'>receduntque</span> <span class='ocrx_word' id='word_1_234' title='bbox 1776 1676 1915 1714; x_wconf 87' lang='lat' dir='ltr'>ambae</span> <span class='ocrx_word' id='word_1_235' title='bbox 1952 1688 1977 1714; x_wconf 91' lang='lat' dir='ltr'>a</span> <span class='ocrx_word' id='word_1_236' title='bbox 2012 1675 2100 1725; x_wconf 85' lang='lat' dir='ltr'>lege</span> <span class='ocrx_word' id='word_1_237' title='bbox 2210 1675 2219 1710; x_wconf 76' lang='grc' dir='ltr'>ἑ.</span> 
     </span>
     <span class='ocr_line' id='line_1_25' title="bbox 328 1743 2214 1796; baseline -0.001 -14"><span class='ocrx_word' id='word_1_238' title='bbox 328 1745 560 1795; x_wconf 85' lang='lat' dir='ltr'>municipali</span> <span class='ocrx_word' id='word_1_239' title='bbox 589 1759 637 1784; x_wconf 91' lang='lat' dir='ltr'>ea</span> <span class='ocrx_word' id='word_1_240' title='bbox 666 1758 785 1795; x_wconf 87' lang='lat' dir='ltr'>quam</span> <span class='ocrx_word' id='word_1_241' title='bbox 814 1744 1014 1796; x_wconf 88' lang='lat' dir='ltr'>Ulpianus</span> <span class='ocrx_word' id='word_1_242' title='bbox 1030 1745 1068 1795; x_wconf 83' lang='lat'>⁵)</span> <span class='ocrx_word' id='word_1_243' title='bbox 1101 1745 1237 1783; x_wconf 88' lang='lat' dir='ltr'>scribit</span> <span class='ocrx_word' id='word_1_244' title='bbox 1265 1757 1423 1793; x_wconf 90' lang='lat' dir='ltr'>cavere,</span> <span class='ocrx_word' id='word_1_245' title='bbox 1460 1751 1504 1783; x_wconf 90' lang='lat' dir='ltr'>ut</span> <span class='ocrx_word' id='word_1_246' title='bbox 1531 1745 1628 1783; x_wconf 91' lang='lat' dir='ltr'>ordo</span> <span class='ocrx_word' id='word_1_247' title='bbox 1658 1757 1737 1782; x_wconf 89' lang='lat' dir='ltr'>non</span> <span class='ocrx_word' id='word_1_248' title='bbox 1766 1743 1881 1782; x_wconf 87' lang='lat' dir='ltr'>aliter</span> <span class='ocrx_word' id='word_1_249' title='bbox 1909 1743 2101 1781; x_wconf 86' lang='lat' dir='ltr'>habeatur</span> <span class='ocrx_word' id='word_1_250' title='bbox 2163 1755 2167 1760; x_wconf 92' lang='grc'>·</span> <span class='ocrx_word' id='word_1_251' title='bbox 2198 1753 2214 1780; x_wconf 71' lang='lat' dir='ltr'>t</span> 
     </span>
    </p>
   </div>
   <div class='ocr_carea' id='block_1_17' title="bbox 329 1795 2214 1864">
    <p class='ocr_par' dir='ltr' id='par_1_17' title="bbox 329 1791 2219 1867">
     <span class='ocr_line' id='line_1_26' title="bbox 329 1795 2214 1864; baseline -0.003 -13"><span class='ocrx_word' id='word_1_252' title='bbox 329 1825 447 1862; x_wconf 89' lang='lat' dir='ltr'>quam</span> <span class='ocrx_word' id='word_1_253' title='bbox 478 1813 632 1851; x_wconf 89' lang='lat' dir='ltr'>duabus</span> <span class='ocrx_word' id='word_1_254' title='bbox 662 1814 841 1863; x_wconf 88' lang='lat' dir='ltr'>partibus</span> <span class='ocrx_word' id='word_1_255' title='bbox 872 1813 1072 1860; x_wconf 86' lang='lat' dir='ltr'>adhibitis,</span> <span class='ocrx_word' id='word_1_256' title='bbox 1104 1826 1222 1863; x_wconf 88' lang='lat' dir='ltr'>quam</span> <span class='ocrx_word' id='word_1_257' title='bbox 1250 1813 1379 1864; x_wconf 86' lang='lat' dir='ltr'>legem</span> <span class='ocrx_word' id='word_1_258' title='bbox 1409 1822 1449 1850; x_wconf 90' lang='lat' dir='ltr'>et</span> <span class='ocrx_word' id='word_1_259' title='bbox 1478 1813 1645 1850; x_wconf 89' lang='lat' dir='ltr'>edictum</span> <span class='ocrx_word' id='word_1_260' title='bbox 1676 1812 1849 1862; x_wconf 87' lang='lat' dir='ltr'>Augusti</span> <span class='ocrx_word' id='word_1_261' title='bbox 1880 1812 1928 1849; x_wconf 90' lang='lat' dir='ltr'>de</span> <span class='ocrx_word' id='word_1_262' title='bbox 1957 1823 2099 1862; x_wconf 84' lang='lat' dir='ltr'>aquae·</span> <span class='ocrx_word' id='word_1_263' title='bbox 2151 1809 2174 1861; x_wconf 53' lang='grc' dir='ltr'>ζ</span> <span class='ocrx_word' id='word_1_264' title='bbox 2198 1795 2214 1812; x_wconf 38' lang='grc' dir='ltr'><strong>ι</strong></span> 
     </span>
    </p>
   </div>
   <div class='ocr_carea' id='block_1_18' title="bbox 329 1878 2099 1932">
    <p class='ocr_par' dir='ltr' id='par_1_18' title="bbox 329 1868 2217 1932">
     <span class='ocr_line' id='line_1_27' title="bbox 329 1878 2099 1932; baseline -0.001 -14"><span class='ocrx_word' id='word_1_265' title='bbox 329 1882 449 1919; x_wconf 88' lang='lat' dir='ltr'>ductu</span> <span class='ocrx_word' id='word_1_266' title='bbox 467 1881 695 1920; x_wconf 86' lang='lat' dir='ltr'>Venafrano</span> <span class='ocrx_word' id='word_1_267' title='bbox 726 1886 765 1919; x_wconf 92' lang='lat' dir='ltr'>et</span> <span class='ocrx_word' id='word_1_268' title='bbox 784 1881 951 1919; x_wconf 87' lang='lat' dir='ltr'>Flaviae</span> <span class='ocrx_word' id='word_1_269' title='bbox 978 1882 1087 1932; x_wconf 86' lang='lat' dir='ltr'>leges</span> <span class='ocrx_word' id='word_1_270' title='bbox 1110 1880 1359 1930; x_wconf 85' lang='lat' dir='ltr'>Salpensana</span> <span class='ocrx_word' id='word_1_271' title='bbox 1388 1887 1427 1919; x_wconf 91' lang='lat' dir='ltr'>et</span> <span class='ocrx_word' id='word_1_272' title='bbox 1445 1881 1688 1918; x_wconf 86' lang='lat' dir='ltr'>Malacitana</span> <span class='ocrx_word' id='word_1_273' title='bbox 1715 1880 1797 1918; x_wconf 87' lang='lat' dir='ltr'>fere</span> <span class='ocrx_word' id='word_1_274' title='bbox 1819 1878 2099 1930; x_wconf 67' lang='lat' dir='ltr'>sequunturss).</span> 
     </span>
    </p>
   </div>
   <div class='ocr_carea' id='block_1_19' title="bbox 327 1945 2217 2340">
    <p class='ocr_par' dir='ltr' id='par_1_19' title="bbox 327 1934 2217 2340">
     <span class='ocr_line' id='line_1_28' title="bbox 330 1945 2211 2017; baseline -0.001 -30"><span class='ocrx_word' id='word_1_275' title='bbox 330 1948 586 2000; x_wconf 84' lang='lat' dir='ltr'>Quapropter</span> <span class='ocrx_word' id='word_1_276' title='bbox 614 1950 721 1988; x_wconf 89' lang='lat' dir='ltr'>haud</span> <span class='ocrx_word' id='word_1_277' title='bbox 749 1950 831 1988; x_wconf 92' lang='lat' dir='ltr'>scio</span> <span class='ocrx_word' id='word_1_278' title='bbox 862 1963 911 1988; x_wconf 88' lang='lat' dir='ltr'>an</span> <span class='ocrx_word' id='word_1_279' title='bbox 948 1955 1107 1988; x_wconf 88' lang='lat' dir='ltr'>vetusta</span> <span class='ocrx_word' id='word_1_280' title='bbox 1141 1951 1209 1987; x_wconf 85' lang='lat' dir='ltr'>lex</span> <span class='ocrx_word' id='word_1_281' title='bbox 1244 1950 1434 1987; x_wconf 89' lang='lat' dir='ltr'>maiorem</span> <span class='ocrx_word' id='word_1_282' title='bbox 1473 1954 1626 1986; x_wconf 87' lang='lat' dir='ltr'>tantum</span> <span class='ocrx_word' id='word_1_283' title='bbox 1661 1945 2099 1997; x_wconf 77' lang='lat' dir='ltr'>decurionum‘partem</span> <span class='ocrx_word' id='word_1_284' title='bbox 2154 1993 2162 2002; x_wconf 26' lang='grc' dir='ltr'>Ὗ</span> <span class='ocrx_word' id='word_1_285' title='bbox 2194 1990 2211 2017; x_wconf 62' lang='lat' dir='ltr'>st</span> 
     </span>
     <span class='ocr_line' id='line_1_29' title="bbox 327 2016 2217 2072; baseline 0 -18"><span class='ocrx_word' id='word_1_286' title='bbox 327 2018 533 2067; x_wconf 88' lang='lat' dir='ltr'>requirens</span> <span class='ocrx_word' id='word_1_287' title='bbox 564 2018 614 2056; x_wconf 92' lang='lat' dir='ltr'>ab</span> <span class='ocrx_word' id='word_1_288' title='bbox 634 2018 819 2068; x_wconf 87' lang='lat' dir='ltr'>Augusto</span> <span class='ocrx_word' id='word_1_289' title='bbox 850 2018 1006 2056; x_wconf 89' lang='lat' dir='ltr'>demum</span> <span class='ocrx_word' id='word_1_290' title='bbox 1036 2025 1187 2056; x_wconf 87' lang='lat' dir='ltr'>mutata</span> <span class='ocrx_word' id='word_1_291' title='bbox 1217 2018 1269 2055; x_wconf 89' lang='lat' dir='ltr'>sit</span> <span class='ocrx_word' id='word_1_292' title='bbox 1298 2018 1513 2055; x_wconf 87' lang='lat' dir='ltr'>substituto</span> <span class='ocrx_word' id='word_1_293' title='bbox 1543 2017 1709 2054; x_wconf 87' lang='lat' dir='ltr'>duarum</span> <span class='ocrx_word' id='word_1_294' title='bbox 1729 2016 1898 2066; x_wconf 89' lang='lat' dir='ltr'>partium</span> <span class='ocrx_word' id='word_1_295' title='bbox 1922 2027 2097 2054; x_wconf 78' lang='lat' dir='ltr'>numero·</span> <span class='ocrx_word' id='word_1_296' title='bbox 2151 2019 2217 2072; x_wconf 53' lang='lat'>31:2³„</span> 
     </span>
     <span class='ocr_line' id='line_1_30' title="bbox 330 2072 2217 2142; baseline -0.002 -18"><span class='ocrx_word' id='word_1_297' title='bbox 330 2084 519 2124; x_wconf 85' lang='lat' dir='ltr'>Senatum</span> <span class='ocrx_word' id='word_1_298' title='bbox 550 2086 775 2125; x_wconf 87' lang='lat' dir='ltr'>Romanum</span> <span class='ocrx_word' id='word_1_299' title='bbox 811 2099 899 2124; x_wconf 90' lang='lat' dir='ltr'>cum</span> <span class='ocrx_word' id='word_1_300' title='bbox 935 2092 1089 2124; x_wconf 89' lang='lat' dir='ltr'>constet</span> <span class='ocrx_word' id='word_1_301' title='bbox 1124 2099 1173 2124; x_wconf 83' lang='lat' dir='ltr'>ne</span> <span class='ocrx_word' id='word_1_302' title='bbox 1209 2086 1358 2142; x_wconf 79' lang='lat' dir='ltr'>liberae</span> <span class='ocrx_word' id='word_1_303' title='bbox 1393 2085 1551 2135; x_wconf 83' lang='lat' dir='ltr'>quidem</span> <span class='ocrx_word' id='word_1_304' title='bbox 1581 2085 1638 2122; x_wconf 90' lang='lat' dir='ltr'>rei</span> <span class='ocrx_word' id='word_1_305' title='bbox 1666 2085 1848 2135; x_wconf 86' lang='lat' dir='ltr'>publicae</span> <span class='ocrx_word' id='word_1_306' title='bbox 1877 2089 2005 2122; x_wconf 86' lang='lat' dir='ltr'>aetate</span> <span class='ocrx_word' id='word_1_307' title='bbox 2034 2083 2098 2121; x_wconf 88' lang='lat' dir='ltr'>de·</span> <span class='ocrx_word' id='word_1_308' title='bbox 2150 2072 2217 2117; x_wconf 44' lang='grc' dir='ltr'>’ῑῇἷὲ</span> 
     </span>
     <span class='ocr_line' id='line_1_31' title="bbox 330 2140 2206 2207; baseline -0.002 -15"><span class='ocrx_word' id='word_1_309' title='bbox 330 2167 491 2193; x_wconf 87' lang='lat' dir='ltr'>cernere</span> <span class='ocrx_word' id='word_1_310' title='bbox 521 2154 716 2204; x_wconf 89' lang='lat' dir='ltr'>potuisse,</span> <span class='ocrx_word' id='word_1_311' title='bbox 753 2154 830 2192; x_wconf 89' lang='lat' dir='ltr'>nisi</span> <span class='ocrx_word' id='word_1_312' title='bbox 861 2154 911 2191; x_wconf 88' lang='lat' dir='ltr'>ad</span> <span class='ocrx_word' id='word_1_313' title='bbox 947 2168 1151 2192; x_wconf 88' lang='lat' dir='ltr'>numerum</span> <span class='ocrx_word' id='word_1_314' title='bbox 1183 2159 1389 2192; x_wconf 85' lang='lat' dir='ltr'>senatores</span> <span class='ocrx_word' id='word_1_315' title='bbox 1420 2158 1570 2200; x_wconf 89' lang='lat' dir='ltr'>essent,</span> <span class='ocrx_word' id='word_1_316' title='bbox 1605 2153 1641 2191; x_wconf 92' lang='lat' dir='ltr'>is</span> <span class='ocrx_word' id='word_1_317' title='bbox 1670 2164 1858 2190; x_wconf 87' lang='lat' dir='ltr'>numerus</span> <span class='ocrx_word' id='word_1_318' title='bbox 1887 2152 1953 2203; x_wconf 91' lang='lat' dir='ltr'>qui</span> <span class='ocrx_word' id='word_1_319' title='bbox 1981 2151 2101 2190; x_wconf 86' lang='lat' dir='ltr'>fuerit</span> <span class='ocrx_word' id='word_1_320' title='bbox 2167 2140 2206 2207; x_wconf 13' lang='grc' dir='ltr'>έν</span> 
     </span>
     <span class='ocr_line' id='line_1_32' title="bbox 329 2222 2120 2272; baseline -0.002 -12"><span class='ocrx_word' id='word_1_321' title='bbox 329 2235 410 2260; x_wconf 91' lang='lat' dir='ltr'>non</span> <span class='ocrx_word' id='word_1_322' title='bbox 447 2228 602 2261; x_wconf 88' lang='lat' dir='ltr'>constet</span> <span class='ocrx_word' id='word_1_323' title='bbox 616 2223 674 2272; x_wconf 86' lang='lat'>⁷),</span> <span class='ocrx_word' id='word_1_324' title='bbox 713 2223 787 2260; x_wconf 89' lang='lat' dir='ltr'>hac</span> <span class='ocrx_word' id='word_1_325' title='bbox 821 2223 909 2272; x_wconf 86' lang='lat' dir='ltr'>lege</span> <span class='ocrx_word' id='word_1_326' title='bbox 946 2222 1091 2260; x_wconf 88' lang='lat' dir='ltr'>collata</span> <span class='ocrx_word' id='word_1_327' title='bbox 1125 2223 1329 2271; x_wconf 88' lang='lat' dir='ltr'>probabile</span> <span class='ocrx_word' id='word_1_328' title='bbox 1365 2228 1426 2259; x_wconf 90' lang='lat' dir='ltr'>est</span> <span class='ocrx_word' id='word_1_329' title='bbox 1460 2222 1648 2259; x_wconf 86' lang='lat' dir='ltr'>maiorem</span> <span class='ocrx_word' id='word_1_330' title='bbox 1685 2225 1837 2271; x_wconf 88' lang='lat' dir='ltr'>partem</span> <span class='ocrx_word' id='word_1_331' title='bbox 1873 2225 2120 2266; x_wconf 74' lang='lat' dir='ltr'>senatorumv</span> 
     </span>
     <span class='ocr_line' id='line_1_33' title="bbox 329 2288 2098 2340; baseline -0.002 -12"><span class='ocrx_word' id='word_1_332' title='bbox 329 2290 471 2329; x_wconf 87' lang='lat' dir='ltr'>adesse</span> <span class='ocrx_word' id='word_1_333' title='bbox 501 2291 700 2339; x_wconf 81' lang='lat' dir='ltr'>debuisse,</span> <span class='ocrx_word' id='word_1_334' title='bbox 731 2291 808 2328; x_wconf 90' lang='lat' dir='ltr'>nisi</span> <span class='ocrx_word' id='word_1_335' title='bbox 839 2290 1003 2340; x_wconf 87' lang='lat' dir='ltr'>speciali</span> <span class='ocrx_word' id='word_1_336' title='bbox 1031 2290 1117 2340; x_wconf 85' lang='lat' dir='ltr'>lege</span> <span class='ocrx_word' id='word_1_337' title='bbox 1147 2291 1282 2340; x_wconf 88' lang='lat' dir='ltr'>aliqua</span> <span class='ocrx_word' id='word_1_338' title='bbox 1312 2296 1379 2328; x_wconf 90' lang='lat' dir='ltr'>aut</span> <span class='ocrx_word' id='word_1_339' title='bbox 1408 2290 1456 2328; x_wconf 91' lang='lat' dir='ltr'>de</span> <span class='ocrx_word' id='word_1_340' title='bbox 1485 2290 1634 2327; x_wconf 89' lang='lat' dir='ltr'>maiore</span> <span class='ocrx_word' id='word_1_341' title='bbox 1664 2295 1734 2327; x_wconf 88' lang='lat' dir='ltr'>aut</span> <span class='ocrx_word' id='word_1_342' title='bbox 1761 2288 1810 2327; x_wconf 92' lang='lat' dir='ltr'>de</span> <span class='ocrx_word' id='word_1_343' title='bbox 1837 2288 1987 2326; x_wconf 89' lang='lat' dir='ltr'>minore</span> <span class='ocrx_word' id='word_1_344' title='bbox 2007 2300 2098 2326; x_wconf 85' lang='lat' dir='ltr'>cau·</span> 
     </span>
    </p>
   </div>
   <div class='ocr_carea' id='block_1_20' title="bbox 329 2364 2098 2545">
    <p class='ocr_par' dir='ltr' id='par_1_20' title="bbox 329 2364 2098 2545">
     <span class='ocr_line' id='line_1_34' title="bbox 329 2364 563 2397; baseline 0 -1"><span class='ocrx_word' id='word_1_345' title='bbox 329 2365 413 2396; x_wconf 91' lang='lat' dir='ltr'>tum</span> <span class='ocrx_word' id='word_1_346' title='bbox 443 2364 563 2397; x_wconf 88' lang='lat' dir='ltr'>esset.</span> 
     </span>
     <span class='ocr_line' id='line_1_35' title="bbox 439 2420 2096 2476; baseline -0.002 -11"><span class='ocrx_word' id='word_1_347' title='bbox 439 2428 590 2465; x_wconf 88' lang='lat' dir='ltr'>Eorum</span> <span class='ocrx_word' id='word_1_348' title='bbox 621 2433 847 2465; x_wconf 86' lang='lat' dir='ltr'>senatorum</span> <span class='ocrx_word' id='word_1_349' title='bbox 879 2427 948 2476; x_wconf 88' lang='lat' dir='ltr'>qui</span> <span class='ocrx_word' id='word_1_350' title='bbox 978 2427 1110 2464; x_wconf 89' lang='lat' dir='ltr'>adsint</span> <span class='ocrx_word' id='word_1_351' title='bbox 1140 2432 1183 2464; x_wconf 89' lang='lat' dir='ltr'>ut</span> <span class='ocrx_word' id='word_1_352' title='bbox 1212 2427 1338 2464; x_wconf 86' lang='lat' dir='ltr'>maior</span> <span class='ocrx_word' id='word_1_353' title='bbox 1367 2438 1460 2476; x_wconf 85' lang='lat' dir='ltr'>pars</span> <span class='ocrx_word' id='word_1_354' title='bbox 1491 2426 1711 2464; x_wconf 88' lang='lat' dir='ltr'>consentiat</span> <span class='ocrx_word' id='word_1_355' title='bbox 1738 2420 1968 2476; x_wconf 85' lang='lat' dir='ltr'>plerumque</span> <span class='ocrx_word' id='word_1_356' title='bbox 1990 2423 2096 2462; x_wconf 84' lang='lat' dir='ltr'>suffi-</span> 
     </span>
     <span class='ocr_line' id='line_1_36' title="bbox 329 2491 2098 2545; baseline -0.003 -12"><span class='ocrx_word' id='word_1_357' title='bbox 329 2496 392 2543; x_wconf 90' lang='lat' dir='ltr'>cit,</span> <span class='ocrx_word' id='word_1_358' title='bbox 423 2496 463 2533; x_wconf 88' lang='lat' dir='ltr'>id</span> <span class='ocrx_word' id='word_1_359' title='bbox 493 2496 598 2545; x_wconf 88' lang='lat' dir='ltr'>quod</span> <span class='ocrx_word' id='word_1_360' title='bbox 635 2495 787 2545; x_wconf 89' lang='lat' dir='ltr'>passim</span> <span class='ocrx_word' id='word_1_361' title='bbox 819 2495 875 2544; x_wconf 85' lang='lat'>(1,</span> <span class='ocrx_word' id='word_1_362' title='bbox 899 2495 934 2533; x_wconf 86' lang='lat'>9.</span> <span class='ocrx_word' id='word_1_363' title='bbox 968 2495 1010 2542; x_wconf 88' lang='lat'>3,</span> <span class='ocrx_word' id='word_1_364' title='bbox 1034 2494 1069 2531; x_wconf 84' lang='lat'>9.</span> <span class='ocrx_word' id='word_1_365' title='bbox 1096 2495 1157 2533; x_wconf 88' lang='grc'>19.</span> <span class='ocrx_word' id='word_1_366' title='bbox 1190 2496 1227 2542; x_wconf 89' lang='grc'>4,</span> <span class='ocrx_word' id='word_1_367' title='bbox 1254 2496 1288 2534; x_wconf 91' lang='grc'>1.</span> <span class='ocrx_word' id='word_1_368' title='bbox 1314 2494 1382 2543; x_wconf 79' lang='lat'>12)</span> <span class='ocrx_word' id='word_1_369' title='bbox 1413 2494 1560 2532; x_wconf 88' lang='lat' dir='ltr'>diserte</span> <span class='ocrx_word' id='word_1_370' title='bbox 1589 2493 1827 2532; x_wconf 87' lang='lat' dir='ltr'>enuntiatur.</span> <span class='ocrx_word' id='word_1_371' title='bbox 1885 2491 2098 2541; x_wconf 84' lang='lat' dir='ltr'>Exceptio-</span> 
     </span>
    </p>
   </div>
   <div class='ocr_carea' id='block_1_21' title="bbox 330 2559 2162 2680">
    <p class='ocr_par' dir='ltr' id='par_1_21' title="bbox 330 2559 2162 2680">
     <span class='ocr_line' id='line_1_37' title="bbox 331 2559 2162 2612; baseline -0.002 -11"><span class='ocrx_word' id='word_1_372' title='bbox 331 2577 420 2601; x_wconf 90' lang='lat' dir='ltr'>nem</span> <span class='ocrx_word' id='word_1_373' title='bbox 450 2564 600 2601; x_wconf 88' lang='lat' dir='ltr'>faciunt</span> <span class='ocrx_word' id='word_1_374' title='bbox 629 2564 706 2601; x_wconf 90' lang='lat' dir='ltr'>duo</span> <span class='ocrx_word' id='word_1_375' title='bbox 738 2563 868 2612; x_wconf 86' lang='lat' dir='ltr'>capita</span> <span class='ocrx_word' id='word_1_376' title='bbox 897 2563 946 2599; x_wconf 89' lang='lat' dir='ltr'>de</span> <span class='ocrx_word' id='word_1_377' title='bbox 974 2563 1130 2612; x_wconf 91' lang='lat' dir='ltr'>hospite</span> <span class='ocrx_word' id='word_1_378' title='bbox 1162 2563 1232 2612; x_wconf 82' lang='lat'>(8,</span> <span class='ocrx_word' id='word_1_379' title='bbox 1255 2562 1304 2611; x_wconf 90' lang='lat'>5)</span> <span class='ocrx_word' id='word_1_380' title='bbox 1335 2568 1582 2612; x_wconf 91' lang='lat' dir='ltr'>patronoque</span> <span class='ocrx_word' id='word_1_381' title='bbox 1613 2562 1677 2611; x_wconf 89' lang='lat'>(7,</span> <span class='ocrx_word' id='word_1_382' title='bbox 1699 2561 1775 2610; x_wconf 85' lang='lat'>44)</span> <span class='ocrx_word' id='word_1_383' title='bbox 1807 2560 2006 2610; x_wconf 82' lang='lat' dir='ltr'>eligend03</span> <span class='ocrx_word' id='word_1_384' title='bbox 2041 2559 2096 2597; x_wconf 90' lang='lat' dir='ltr'>ibi</span> <span class='ocrx_word' id='word_1_385' title='bbox 2159 2568 2162 2569; x_wconf 72' lang='grc'>’</span> 
     </span>
     <span class='ocr_line' id='line_1_38' title="bbox 330 2626 2121 2680; baseline -0.002 -11"><span class='ocrx_word' id='word_1_386' title='bbox 330 2633 435 2670; x_wconf 89' lang='lat' dir='ltr'>enim</span> <span class='ocrx_word' id='word_1_387' title='bbox 471 2643 549 2669; x_wconf 89' lang='lat' dir='ltr'>non</span> <span class='ocrx_word' id='word_1_388' title='bbox 586 2637 736 2670; x_wconf 91' lang='lat' dir='ltr'>tantum</span> <span class='ocrx_word' id='word_1_389' title='bbox 775 2637 819 2668; x_wconf 91' lang='lat' dir='ltr'>ut</span> <span class='ocrx_word' id='word_1_390' title='bbox 855 2630 989 2668; x_wconf 88' lang='lat' dir='ltr'>adsint</span> <span class='ocrx_word' id='word_1_391' title='bbox 1025 2631 1151 2668; x_wconf 89' lang='lat' dir='ltr'>maior</span> <span class='ocrx_word' id='word_1_392' title='bbox 1184 2642 1277 2680; x_wconf 87' lang='lat' dir='ltr'>pars</span> <span class='ocrx_word' id='word_1_393' title='bbox 1308 2630 1458 2667; x_wconf 87' lang='lat' dir='ltr'>duaeve</span> <span class='ocrx_word' id='word_1_394' title='bbox 1488 2635 1621 2678; x_wconf 88' lang='lat' dir='ltr'>partes</span> <span class='ocrx_word' id='word_1_395' title='bbox 1652 2629 1845 2680; x_wconf 88' lang='lat' dir='ltr'>exigitur,</span> <span class='ocrx_word' id='word_1_396' title='bbox 1882 2627 1952 2666; x_wconf 90' lang='lat' dir='ltr'>sed</span> <span class='ocrx_word' id='word_1_397' title='bbox 1980 2626 2121 2680; x_wconf 13' lang='lat' dir='ltr'>etiam*</span> 
     </span>
    </p>
   </div>
   <div class='ocr_carea' id='block_1_22' title="bbox 331 2697 2100 2747">
    <p class='ocr_par' dir='ltr' id='par_1_22' title="bbox 331 2697 2100 2747">
     <span class='ocr_line' id='line_1_39' title="bbox 331 2697 2100 2747; baseline -0.003 -10"><span class='ocrx_word' id='word_1_398' title='bbox 331 2707 375 2737; x_wconf 92' lang='lat' dir='ltr'>ut</span> <span class='ocrx_word' id='word_1_399' title='bbox 410 2706 469 2737; x_wconf 91' lang='lat' dir='ltr'>tot</span> <span class='ocrx_word' id='word_1_400' title='bbox 498 2704 660 2737; x_wconf 89' lang='lat' dir='ltr'>numero</span> <span class='ocrx_word' id='word_1_401' title='bbox 690 2699 952 2737; x_wconf 83' lang='lat' dir='ltr'>consentiant.</span> <span class='ocrx_word' id='word_1_402' title='bbox 1012 2699 1086 2736; x_wconf 82' lang='lat' dir='ltr'>Per</span> <span class='ocrx_word' id='word_1_403' title='bbox 1114 2699 1290 2736; x_wconf 79' lang='lat' dir='ltr'>tabellam</span> <span class='ocrx_word' id='word_1_404' title='bbox 1319 2704 1361 2735; x_wconf 94' lang='lat' dir='ltr'>ut</span> <span class='ocrx_word' id='word_1_405' title='bbox 1390 2697 1619 2747; x_wconf 87' lang='lat' dir='ltr'>suffragium</span> <span class='ocrx_word' id='word_1_406' title='bbox 1647 2698 1810 2744; x_wconf 87' lang='lat' dir='ltr'>feratur,</span> <span class='ocrx_word' id='word_1_407' title='bbox 1847 2702 2004 2734; x_wconf 89' lang='lat' dir='ltr'>cautum</span> <span class='ocrx_word' id='word_1_408' title='bbox 2034 2699 2100 2732; x_wconf 77' lang='lat' dir='ltr'>est</span> 
     </span>
    </p>
   </div>
   <div class='ocr_carea' id='block_1_23' title="bbox 330 2960 2092 3432">
    <p class='ocr_par' dir='ltr' id='par_1_23' title="bbox 433 2960 767 3002">
     <span class='ocr_line' id='line_1_40' title="bbox 433 2960 767 3002; baseline -0.009 -8"><span class='ocrx_word' id='word_1_409' title='bbox 433 2961 463 3002; x_wconf 82' lang='lat'>¹)</span> <span class='ocrx_word' id='word_1_410' title='bbox 500 2963 642 2994; x_wconf 89' lang='lat' dir='ltr'>Henzen</span> <span class='ocrx_word' id='word_1_411' title='bbox 661 2960 767 2993; x_wconf 85' lang='lat'>6987.</span> 
     </span>
    </p>

    <p class='ocr_par' dir='ltr' id='par_1_24' title="bbox 330 3015 2092 3126">
     <span class='ocr_line' id='line_1_41' title="bbox 432 3015 2092 3064; baseline -0.004 -9"><span class='ocrx_word' id='word_1_412' title='bbox 432 3021 464 3063; x_wconf 80' lang='grc'>2)</span> <span class='ocrx_word' id='word_1_413' title='bbox 503 3023 781 3056; x_wconf 86' lang='lat' dir='ltr'>Orelli-Henzen</span> <span class='ocrx_word' id='word_1_414' title='bbox 808 3021 865 3054; x_wconf 88' lang='lat'>75.</span> <span class='ocrx_word' id='word_1_415' title='bbox 893 3023 1000 3054; x_wconf 83' lang='lat'>4052.</span> <span class='ocrx_word' id='word_1_416' title='bbox 1028 3021 1140 3062; x_wconf 85' lang='grc'>6986,</span> <span class='ocrx_word' id='word_1_417' title='bbox 1177 3022 1259 3053; x_wconf 87' lang='lat' dir='ltr'>item</span> <span class='ocrx_word' id='word_1_418' title='bbox 1288 3019 1383 3064; x_wconf 77' lang='lat' dir='ltr'>plebs</span> <span class='ocrx_word' id='word_1_419' title='bbox 1414 3018 1547 3052; x_wconf 81' lang='lat' dir='ltr'>urbana</span> <span class='ocrx_word' id='word_1_420' title='bbox 1582 3019 1707 3061; x_wconf 86' lang='lat' dir='ltr'>passim</span> <span class='ocrx_word' id='word_1_421' title='bbox 1741 3018 1832 3058; x_wconf 83' lang='lat' dir='ltr'>(vide</span> <span class='ocrx_word' id='word_1_422' title='bbox 1858 3018 1998 3050; x_wconf 88' lang='lat' dir='ltr'>Henzen</span> <span class='ocrx_word' id='word_1_423' title='bbox 2022 3015 2092 3048; x_wconf 87' lang='lat' dir='ltr'>ind.</span> 
     </span>
     <span class='ocr_line' id='line_1_42' title="bbox 330 3084 480 3126; baseline 0 -10"><span class='ocrx_word' id='word_1_424' title='bbox 330 3095 363 3126; x_wconf 92' lang='lat' dir='ltr'>p.</span> <span class='ocrx_word' id='word_1_425' title='bbox 386 3084 480 3125; x_wconf 88' lang='lat'>150).</span> 
     </span>
    </p>

    <p class='ocr_par' dir='ltr' id='par_1_25' title="bbox 432 3144 1148 3186">
     <span class='ocr_line' id='line_1_43' title="bbox 432 3144 1148 3186; baseline -0.004 -7"><span class='ocrx_word' id='word_1_426' title='bbox 432 3144 464 3186; x_wconf 86' lang='lat'>³)</span> <span class='ocrx_word' id='word_1_427' title='bbox 503 3147 584 3179; x_wconf 92' lang='lat' dir='ltr'>Vol.</span> <span class='ocrx_word' id='word_1_428' title='bbox 598 3147 631 3178; x_wconf 92' lang='lat' dir='ltr'>V</span> <span class='ocrx_word' id='word_1_429' title='bbox 649 3157 682 3178; x_wconf 95' lang='lat' dir='ltr'>n.</span> <span class='ocrx_word' id='word_1_430' title='bbox 704 3146 796 3178; x_wconf 89' lang='grc'>3341</span> <span class='ocrx_word' id='word_1_431' title='bbox 817 3158 862 3171; x_wconf 90' lang='lat'>=</span> <span class='ocrx_word' id='word_1_432' title='bbox 881 3146 1022 3177; x_wconf 90' lang='lat' dir='ltr'>Henzen</span> <span class='ocrx_word' id='word_1_433' title='bbox 1042 3145 1148 3177; x_wconf 84' lang='lat'>5591.</span> 
     </span>
    </p>

    <p class='ocr_par' dir='ltr' id='par_1_26' title="bbox 431 3205 1211 3249">
     <span class='ocr_line' id='line_1_44' title="bbox 431 3205 1211 3249; baseline -0.004 -9"><span class='ocrx_word' id='word_1_434' title='bbox 431 3206 463 3247; x_wconf 72' lang='grc'>4)</span> <span class='ocrx_word' id='word_1_435' title='bbox 501 3208 706 3249; x_wconf 87' lang='lat' dir='ltr'>Marquardt</span> <span class='ocrx_word' id='word_1_436' title='bbox 732 3205 1056 3249; x_wconf 76' lang='lat' dir='ltr'>Staatsverwaltuny</span> <span class='ocrx_word' id='word_1_437' title='bbox 1078 3208 1108 3247; x_wconf 92' lang='lat'>1,</span> <span class='ocrx_word' id='word_1_438' title='bbox 1129 3206 1211 3238; x_wconf 81' lang='lat'>502.</span> 
     </span>
    </p>

    <p class='ocr_par' dir='ltr' id='par_1_27' title="bbox 433 3267 768 3311">
     <span class='ocr_line' id='line_1_45' title="bbox 433 3267 768 3311; baseline 0 -10"><span class='ocrx_word' id='word_1_439' title='bbox 433 3267 464 3309; x_wconf 87' lang='lat'>⁵)</span> <span class='ocrx_word' id='word_1_440' title='bbox 501 3269 582 3311; x_wconf 89' lang='lat' dir='ltr'>Dig.</span> <span class='ocrx_word' id='word_1_441' title='bbox 603 3269 660 3309; x_wconf 88' lang='lat'>50,</span> <span class='ocrx_word' id='word_1_442' title='bbox 682 3270 715 3309; x_wconf 87' lang='lat'>9,</span> <span class='ocrx_word' id='word_1_443' title='bbox 737 3269 768 3301; x_wconf 88' lang='lat'>3.</span> 
     </span>
    </p>

    <p class='ocr_par' dir='ltr' id='par_1_28' title="bbox 433 3325 1739 3372">
     <span class='ocr_line' id='line_1_46' title="bbox 433 3325 1739 3372; baseline -0.005 -10"><span class='ocrx_word' id='word_1_444' title='bbox 433 3328 464 3369; x_wconf 70' lang='grc'>6)</span> <span class='ocrx_word' id='word_1_445' title='bbox 502 3331 545 3362; x_wconf 90' lang='lat' dir='ltr'>V.</span> <span class='ocrx_word' id='word_1_446' title='bbox 573 3341 694 3362; x_wconf 84' lang='lat' dir='ltr'>comm.</span> <span class='ocrx_word' id='word_1_447' title='bbox 722 3340 834 3362; x_wconf 89' lang='lat' dir='ltr'>meum</span> <span class='ocrx_word' id='word_1_448' title='bbox 861 3341 894 3372; x_wconf 93' lang='lat' dir='ltr'>p.</span> <span class='ocrx_word' id='word_1_449' title='bbox 915 3331 1002 3369; x_wconf 78' lang='lat'>4123</span> <span class='ocrx_word' id='word_1_450' title='bbox 1031 3328 1235 3370; x_wconf 88' lang='lat' dir='ltr'>Marquardt</span> <span class='ocrx_word' id='word_1_451' title='bbox 1260 3325 1584 3367; x_wconf 75' lang='lat' dir='ltr'>Staatsverwaltuny</span> <span class='ocrx_word' id='word_1_452' title='bbox 1605 3327 1638 3364; x_wconf 88' lang='lat'>1,</span> <span class='ocrx_word' id='word_1_453' title='bbox 1659 3325 1739 3357; x_wconf 86' lang='lat'>510.</span> 
     </span>
    </p>

    <p class='ocr_par' dir='ltr' id='par_1_29' title="bbox 433 3385 1687 3432">
     <span class='ocr_line' id='line_1_47' title="bbox 433 3385 1687 3432; baseline -0.006 -8"><span class='ocrx_word' id='word_1_454' title='bbox 433 3388 464 3431; x_wconf 87' lang='lat'>⁷)</span> <span class='ocrx_word' id='word_1_455' title='bbox 503 3391 636 3424; x_wconf 88' lang='lat' dir='ltr'>Becker</span> <span class='ocrx_word' id='word_1_456' title='bbox 660 3392 696 3424; x_wconf 90' lang='lat' dir='ltr'>in</span> <span class='ocrx_word' id='word_1_457' title='bbox 722 3392 850 3425; x_wconf 88' lang='lat' dir='ltr'>enchir.</span> <span class='ocrx_word' id='word_1_458' title='bbox 871 3393 905 3432; x_wconf 82' lang='lat'>2,</span> <span class='ocrx_word' id='word_1_459' title='bbox 926 3392 958 3431; x_wconf 82' lang='lat'>2,</span> <span class='ocrx_word' id='word_1_460' title='bbox 979 3391 1062 3423; x_wconf 83' lang='lat'>436.</span> <span class='ocrx_word' id='word_1_461' title='bbox 1082 3391 1173 3430; x_wconf 78' lang='lat'>4413</span> <span class='ocrx_word' id='word_1_462' title='bbox 1200 3388 1402 3431; x_wconf 87' lang='lat' dir='ltr'>Marquardt</span> <span class='ocrx_word' id='word_1_463' title='bbox 1425 3387 1470 3419; x_wconf 89' lang='lat' dir='ltr'>ib.</span> <span class='ocrx_word' id='word_1_464' title='bbox 1499 3387 1531 3427; x_wconf 88' lang='grc'>2,</span> <span class='ocrx_word' id='word_1_465' title='bbox 1553 3385 1587 3427; x_wconf 88' lang='grc'>3,</span> <span class='ocrx_word' id='word_1_466' title='bbox 1606 3385 1687 3418; x_wconf 83' lang='grc'>225.</span> 
     </span>
    </p>
   </div>
   <div class='ocr_carea' id='block_1_24' title="bbox 2151 1574 2222 2293">
    <p class='ocr_par' dir='ltr' id='par_1_30' title="bbox 2151 1574 2222 2293">
     <span class='ocr_line' id='line_1_48' title="bbox 2151 1574 2222 2293; baseline 0 1301"><span class='ocrx_word' id='word_1_467' title='bbox 2151 1574 2222 2293; x_wconf 95' lang='lat' dir='ltr'> </span> 
     </span>
    </p>
   </div>
  </div>
 </body>
</html>
