2222 3594
280 194 376 252 282
1026 208 1298 243 WTLMANNS

331 324 544 375 requisitus
579 337 603 362 a
633 322 820 362 Cicerone
858 323 927 373 (ad
956 325 1040 362 Att.
1071 337 1132 374 ep.
1167 324 1236 372 13,
1268 325 1337 372 33,
1370 325 1439 376 3),
1475 326 1570 363 item
1606 338 1695 364 cum
1731 324 2045 376 praescriptione

333 398 496 431 senatus
533 392 705 430 consulti
742 392 848 443 apud
875 392 1092 442 Iosephum
1129 398 1209 431 ant.
1242 393 1304 441 14,
1335 393 1397 441 10,
1428 395 1497 442 10,
1536 406 1636 444 quae
1674 398 1735 431 est
1761 393 1876 432 haec:
1910 385 2044 443 δ’ἆεγμα

335 457 556 510 συγκλήτου
602 453 942 515 ἄντιιγεεγραμμὲνον
987 459 1029 498 ἐκ
1063 461 1135 497 τῶν
1174 453 1311 498 δέλτων
1354 462 1427 499 τῶν
1467 457 1650 507 δημοῦ-ἴων
1689 461 1763 499 τῶν
1799 460 2044 506 ταμιευτικῶν

331 523 470 578 Κοίντῳ
498 519 687 578 Ῥὸυτιλῖῳ
719 557 727 566 .
746 557 755 566 .
774 557 783 566 .
812 523 997 583 Κορνηλίῳ
1027 523 1177 574 ταμίαις
1205 525 1306 566 naz-02
1336 522 1444 566 πόλιν
1474 523 1590 579 δέλτῳ
1621 523 1776 584 δευτέρᾳ
1803 521 1868 566 καὶ
1897 527 1938 567 ἐκ
1966 529 2043 567 τῶν

332 590 498 650 πρώτων,
528 597 731 647 alteraque
761 596 880 635 simili
901 600 1063 635 senatus
1083 597 1257 645 consulti
1276 597 1657 647 Aphrodisiadensis
1688 597 1841 648 (Lebas
1861 603 1900 636 et
1918 596 2042 635 Wad-

333 665 498 715 dington
528 679 566 703 n.
592 663 736 715 1627):
774 658 832 701 ἐπὶ
869 692 1099 703 .........
1118 680 1160 702 ου
1196 659 1352 703 Λευκίου
1390 665 1474 702 υἱοῦ
1508 659 1662 703 ὑπάτων
1697 664 1739 703 ἐκ
1773 666 1845 703 τῶν
1882 662 2043 715 ‹instave-

327 726 599 788 ε>ιξ>ιιε,1.ιριένων1)
642 727 840 782 κεφαλαίῳ
880 761 999 771 .....
1015 726 1186 783 π]ε’μπτῳ
1223 726 1315 783 ἕκτῳ
1350 727 1503 784 ἑβδόμῳ
1535 726 1662 783 ὅγδᾶῳ
1692 726 1808 783 ἐνάτῳ
1836 733 2040 784 rechamum-

326 803 400 838 κῶν
438 795 575 839 δέλτων
606 829 755 839 ......
787 801 946 850 madaba
974 797 1075 838 κατὰ
1105 794 1213 838 πόλιν
1244 794 1358 851 δέλτῳ
1392 795 1528 855 πρώτῃ.
1587 801 1704 850 Quod
1741 801 1834 840 olim
1869 802 1912 840 in
1947 814 2039 840 ann.

327 870 420 907 inst.
457 870 560 908 1858
590 883 629 920 p.
656 869 731 907 192
770 869 832 907 his
867 869 967 907 locis
998 869 1131 907 allatis
1169 869 1439 908 demonstravi
1469 870 1635 920 singulis
1665 870 1780 908 annis
1810 874 2042 919 quaestores

327 939 501 976 urbanos
534 938 716 975 volumen
753 937 1081 975 conscribendum
1118 938 1322 976 curavisse
1358 944 1518 977 senatus
1559 938 1831 977 consultorum
1861 950 1907 976 eo
1938 950 2041 976 anno

327 1006 542 1052 factorum,
580 1006 621 1043 id
657 1006 775 1044 etiam
810 1006 882 1044 sub
913 1006 1218 1055 imperatoribus
1247 1006 1288 1043 in
1317 1018 1395 1044 usu
1424 1007 1622 1045 mansisse
1651 1007 1730 1044 iam
1759 1006 2039 1056 intellegimus.

330 1074 567 1125 Explicatur
595 1075 670 1121 ita,
707 1074 812 1124 quod
847 1074 1053 1111 consulum
1082 1075 1244 1112 nomina
1272 1087 1352 1112 non
1382 1080 1496 1113 sexto
1526 1087 1622 1113 casu
1651 1075 1798 1126 scripta
1827 1079 1939 1121 sunt,
1969 1073 2041 1112 sed

330 1143 525 1190 secund03
555 1143 657 1181 liber
686 1143 803 1189 enim,
834 1142 938 1180 unde
967 1142 1043 1180 hoc
1072 1142 1271 1180 decretum
1301 1143 1576 1193 depromptum
1605 1149 1678 1190 est,
1707 1143 1901 1181 continuit
1929 1153 2040 1181 sena-

328 1217 392 1249 tus
432 1216 522 1249 acta
558 1211 644 1250 eius
682 1211 775 1249 anni
812 1211 946 1249 omnia
983 1215 1064 1248 tam
1101 1224 1124 1248 a
1154 1210 1385 1249 consulibus
1416 1211 1627 1250 ordinariis
1655 1212 1762 1262 facta
1789 1223 1907 1261 quam
1934 1210 2043 1253 facta

328 1293 352 1317 a
392 1279 581 1318 suffectis.
614 1301 664 1306 —
701 1279 790 1317 Hoc
825 1279 967 1317 mirum
1004 1283 1064 1317 est
1099 1284 1138 1317 et
1175 1291 1320 1317 novum
1356 1280 1515 1331 librum,
1536 1280 1614 1318 dici
1642 1291 1721 1317 non
1751 1284 1914 1318 senatus
1948 1291 2040 1317 con-

326 1348 542 1395 sultorum,
589 1348 657 1385 sed
703 1347 985 1385 sententiarum
1029 1348 1070 1384 in
1116 1352 1256 1385 senatu
1297 1348 1510 1412 dictarum3
1553 1348 1622 1397 qui
1660 1360 1748 1386 cum
1785 1346 2042 1397 comprehen-

289 1420 291 1422 ’
326 1416 427 1454 derit
455 1429 622 1454 necesse
654 1417 706 1453 sit
736 1421 825 1453 acta
855 1421 1015 1454 senatus
1045 1428 1147 1465 quae
1177 1416 1334 1466 quidem
1364 1416 1520 1466 publice
1539 1416 1876 1467 perscriberentur
1895 1415 2040 1461 omnia,

327 1485 445 1534 plena
473 1484 679 1534 inscriptio
709 1484 783 1521 fuit
811 1485 952 1534 opinor
982 1485 1265 1522 sententiarum
1294 1485 1336 1522 in
1367 1490 1508 1522 senatu
1538 1485 1725 1537 dictarum
1752 1484 2040 1523 consultorum-

324 1565 401 1602 que
437 1553 487 1590 ab
526 1565 572 1591 eo
610 1553 822 1600 factorum,
859 1553 973 1591 cuius
1003 1553 1144 1590 indicis
1175 1553 1262 1591 sola
1291 1553 1420 1604 prima
1450 1553 1569 1591 verba
1599 1553 1866 1604 descriptores
1895 1562 2038 1602 posue-

323 1626 427 1659 runt.
453 1644 503 1648 —
540 1621 724 1670 Denique
754 1634 844 1659 cum
873 1625 978 1658 recte
1007 1622 1212 1670 agnoverit
1242 1621 1529 1659 Wilmannsius
1559 1622 1702 1671 capitis
1731 1626 1886 1667 notam,
1920 1632 2039 1671 aegre

325 1689 570 1727 desideratur
600 1690 735 1728 tabula
763 1690 972 1740 paginave,
1002 1702 1121 1739 quam
1150 1694 1306 1740 praeter
1336 1696 1453 1739 caput
1482 1690 1522 1727 in
1547 1688 1932 1739 voluminexcitando
1958 1687 2039 1726 sol-

322 1758 491 1795 lemnem
522 1758 645 1796 fuisse
676 1758 772 1796 alibi
801 1758 1069 1796 demonstravi
1099 1758 1252 1807 (Herm.
1275 1758 1354 1795 vol.
1372 1757 1394 1794 2
1417 1771 1454 1807 p.
1476 1757 1585 1806 116).
1632 1756 1761 1805 Quam
1788 1757 1838 1794 ob
1861 1747 2039 1795 rem'aut

321 1826 362 1863 in
397 1826 529 1877 lapide
566 1826 642 1864 fuit
677 1826 727 1863 ad
757 1827 831 1864 hoc
860 1826 1087 1876 exemplum
1118 1837 1295 1871 lov-rw.
1327 1832 1396 1863 aut
1425 1826 1595 1877 paginae
1624 1825 1813 1880 indicatio
1843 1825 2036 1863 collocata

256 1939 260 1942 Δ
324 1895 401 1931 fuit
429 1895 517 1932 loco
547 1907 685 1943 parum
717 1900 809 1945 apto
839 1900 931 1944 post
961 1894 1104 1944 i(nfra)
1135 1894 1356 1944 s(criptum)
1389 1901 1453 1932 est.

266 1962 333 2000 Ad
362 1976 398 2000 v.
423 1964 459 2001 5.
520 1962 638 2011 Quod
668 1963 762 2001 olim
792 1963 927 2001 monui
957 1962 1023 2012 (C.
1044 1963 1074 2000 Ι.
1095 1962 1145 2000 L.
1171 1963 1188 1999 1
1213 1975 1251 2012 p.
1272 1963 1367 2012 113)
1399 1970 1562 2000 senatus
1592 1962 1772 2000 consulta
1801 1961 1869 2000 ubi
1899 1961 2033 2012 dicun-

321 2036 384 2068 tur
419 2031 526 2068 facta
562 2043 651 2069 esse
685 2034 725 2068 in
754 2034 920 2079 comitio,
956 2031 1011 2068 ibi
1047 2031 1224 2080 intellegi
1259 2031 1411 2068 curiam
1439 2031 1654 2069 Hostiliam
1683 2030 1727 2068 iri
1754 2030 1844 2079 ipso
1875 2029 2034 2068 comitio

324 2099 515 2148 positam,
554 2099 628 2137 hac
663 2099 904 2137 indicatione
942 2101 982 2137 in
1019 2102 1163 2138 comitio
1198 2102 1239 2136 in
1275 2101 1384 2136 curia
1422 2099 1553 2151 denuo
1588 2098 1855 2137 confirmatur.
1914 2096 2036 2136 Curia

323 2173 451 2205 autem
487 2167 728 2217 intellegitur
762 2168 883 2214 Iulia,
921 2180 1040 2217 quam
1075 2170 1114 2204 in
1152 2167 1312 2204 comitio
1342 2166 1408 2204 rel
1442 2167 1492 2204 ad
1528 2167 1730 2205 comitium
1758 2166 1883 2205 fuisse
1911 2171 2034 2204 testes

325 2240 418 2274 sunt
452 2235 608 2273 Plinius
637 2236 708 2283 35,
737 2236 780 2283 4,
810 2235 858 2272 27
891 2240 929 2272 et
960 2235 1038 2273 Dio
1065 2235 1137 2282 45,
1168 2235 1236 2282 173
1272 2249 1362 2273 nam
1394 2246 1479 2273 eam
1510 2247 1749 2285 quamquam
1778 2234 2033 2273 Domitianus

321 2304 476 2351 refecit,
515 2304 643 2341 locum
679 2316 759 2341 non
795 2304 1009 2341 mutavisse
1044 2304 1162 2341 hodie
1195 2315 1332 2341 omnes
1369 2304 1631 2342 consentiunt.
1689 2303 1786 2341 Fuit
1821 2308 1953 2341 autem
1982 2302 2033 2340 ad

324 2385 457 2409 arcum
496 2370 645 2410 Severi.
716 2370 932 2410 Comitium
974 2372 1096 2421 igitur
1134 2383 1180 2409 eo
1218 2372 1307 2422 ipso
1344 2373 1433 2410 loco
1471 2371 1740 2421 quaerendum
1781 2382 1868 2409 esse
1906 2370 2034 2409 denuo

322 2440 397 2477 hoc
432 2440 603 2490 optimae
642 2440 889 2477 auctoritatis
928 2440 1162 2478 documento
1199 2440 1414 2488 stabilitum
1452 2452 1580 2489 neque
1616 2440 1826 2489 displicere
1862 2439 1940 2476 sibi
1974 2438 2033 2476 rei

322 2508 504 2558 quamvis
544 2513 660 2545 notae
698 2513 736 2544 et
773 2507 1007 2546 diiudicatae
1047 2508 1401 2555 confirmationem,
1441 2509 1588 2558 quippe
1626 2520 1727 2557 quae
1763 2513 1857 2556 apta
1894 2507 1946 2545 sit
1982 2505 2033 2544 ad

319 2577 438 2614 tricas
478 2576 697 2614 comitiales
737 2589 761 2612 a
798 2577 932 2613 nescio
973 2577 1113 2625 quibus
1151 2577 1411 2627 topographis
1449 2588 1575 2626 nuper
1617 2577 1744 2613 denuo
1786 2575 2032 2624 excogitatas

318 2645 562 2691 refutandas,
594 2644 751 2693 scripsit
779 2644 830 2681 ad
856 2635 920 2682 ine
949 2657 1064 2694 quem
1096 2645 1143 2682 de
1173 2645 1247 2682 hoc
1275 2645 1363 2682 loco
1393 2644 1574 2682 consului
1602 2644 1740 2681 harum
1768 2655 1900 2680 rerum
1928 2642 2032 2692 peri-

320 2713 500 2751 tissimus
529 2713 737 2750 Iordanus.
767 2734 817 2739 —
857 2711 956 2751 Cum
994 2713 1034 2750 in
1071 2718 1230 2750 senatus
1262 2713 1446 2750 consulto
1475 2711 1757 2761 perscribendo
1787 2722 1934 2756 annus,
1959 2714 2037 2759 ,ut-1
2089 2708 2095 2712 ”

318 2787 411 2831 pote
440 2781 508 2830 qui
538 2794 588 2819 ex
618 2781 921 2830 magistratuum
952 2780 1178 2818 nominibus
1209 2780 1313 2818 effici
1343 2781 1488 2829 possit,
1517 2793 1596 2817 non
1625 2791 1715 2816 raro
1745 2783 2028 2829 praetereatur,

319 2849 404 2887 dies
442 2854 591 2895 autem,
629 2861 707 2898 quo
747 2854 907 2886 senatus
946 2849 1190 2894 convenerit,
1228 2862 1308 2886 non
1342 2849 1468 2898 magis
1508 2848 1712 2885 omittatur
1748 2859 1865 2896 quam
1903 2846 2029 2892 locus,
2078 2850 2102 2901 η’

320 2918 421 2955 diem
459 2931 508 2955 ne
539 2918 587 2954 ab
618 2911 694 2954 hoc
723 2917 881 2966 quidem
917 2917 1179 2954 instrumento
1216 2917 1365 2954 afuisse
1399 2916 1604 2963 existimo,
1643 2916 1712 2954 sed
1748 2914 1937 2965 temporis
1971 2915 2030 2952 in-

317 2986 419 3024 iuria
447 2985 628 3035 periisse.
674 2984 779 3023 Nam
810 2985 1015 3023 elementis
1046 2985 1302 3023 dinumeratis
1332 2985 1434 3022 inter
1462 2985 1582 3022 verba
1609 2986 1649 3021 in
1679 2985 1822 3022 comitio
1851 2985 1891 3021 in
1921 2984 2029 3021 curia

365 3265 395 3307 ¹)
436 3265 522 3299 Cum
548 3277 663 3299 versus
690 3267 787 3300 finiat
812 3267 847 3299 in
875 3261 922 3308 οἶν,
950 3267 1118 3300 restitutio
1146 3277 1265 3310 parum
1291 3266 1465 3299 satisfacit.
