2222 3594
641 251 789 286 usn
821 251 931 284 PER.
966 251 1137 284 LA'rm.
1705 236 1767 281 97
1784 262 1787 265 ⁴

13 361 93 407 nisi
120 380 347 420 cognomen.
366 367 473 406 daut.
528 366 684 406 Ultima
710 366 842 404 littera
862 375 894 403 ο
922 377 1031 404 more
1059 365 1102 402 in
1129 364 1298 414 lapideis
1327 364 1444 402 fastis
1472 363 1650 413 legitimo
1679 375 1770 412 sup-

13 447 159 487 pressa
185 441 267 483 est,
298 448 350 474 ne
377 435 577 486 scriptura
603 434 750 472 lineam
779 433 1014 482 exoederqf
1054 430 1124 471 Sic
1151 433 1192 470 in
1222 431 1447 482 capitolinis
1475 442 1655 470 noman
1675 451 1685 459 ·
1702 441 1773 469 cA-

15 503 193 562 modu,
218 501 439 551 usQntlu·
453 512 635 540 AVGVRIN
666 500 731 551 (C.
752 502 785 539 Ι.
803 500 851 539 L.
877 501 899 538 I
926 514 966 551 p.
987 498 1109 549 426),
1145 508 1264 550 atque
1291 501 1350 538 ita
1376 512 1506 550 porro
1565 499 1621 537 M.
1642 499 1773 537 Hora·

0 571 113 628 [tium
140 570 341 611 consulem
370 583 406 608 a.
429 570 508 608 305
537 569 685 620 duplici
705 569 941 620 cognomine
961 580 1076 606 usum
1098 579 1187 606 esse
1214 568 1290 606 hoc
1317 568 1488 618 primum
1518 574 1772 606 monumento

0 630 217 679 ffiseimus.
273 638 401 688 quue
436 650 484 675 eo
519 638 646 688 magis
680 636 838 686 praeter
873 635 1212 685 exspectationem
1250 635 1415 682 accidit,
1458 635 1564 685 quod
1608 635 1772 674 alterius

7 703 190 745 dudem
217 705 311 744 anni
338 705 517 744 consulis
543 704 593 743 L.
608 704 759 743 Valerii
789 717 908 743 unum
938 708 1089 741 tantum
1119 704 1160 742 hi
1188 703 1283 742 fasti
1312 715 1529 754 cognomen
1558 703 1772 749 exhibent,

0 775 132 824 „quem
158 772 406 824 Poplicolam
434 773 609 811 Potitum
643 781 735 811 acta
767 772 1055 823 triumphorum
1090 772 1293 823 appellant
1329 772 1375 820 (l.
1397 783 1429 809 c.
1459 784 1499 821 p.
1519 771 1634 821 454).
1693 770 1773 810 Sed

12 852 284 892 quaecumque
310 853 433 880 causa
457 841 588 887 suerit,
618 853 688 878 cur
704 840 891 878 maiorem
911 840 955 878 in
973 839 1130 879 Horatii
1160 852 1279 890 quam
1307 840 1349 877 in
1365 839 1515 877 Valerii
1543 839 1773 893 nominibus

0 904 257 961 diligentiam
284 915 423 947 auctor
448 916 584 947 noster
611 909 875 960 praestiterit,
912 907 961 946 de
988 921 1032 947 re
1058 909 1150 959 ipsa
1177 914 1217 946 et
1245 907 1294 946 de
1322 914 1480 957 reperto
1508 907 1656 957 duplici
1688 906 1773 944 Ho-

11 973 104 1015 ratii
130 976 363 1028 cognomine
399 977 546 1027 ambigi
581 976 699 1028 plane
726 976 875 1027 nequit.
931 974 1049 1014 Nunc
1077 977 1195 1027 quale
1224 975 1324 1014 illud
1353 987 1573 1026 cognomen
1602 975 1677 1021 sit,
1715 975 1772 1012 vi-

11 1043 190 1089 deamus.
229 1043 446 1094 Quaerenti
473 1057 691 1096 cognomen
719 1045 758 1082 in
778 1053 927 1083 Aiunvs
956 1043 1141 1083 desinens
1168 1045 1285 1096 plura
1312 1044 1447 1082 statim
1477 1049 1697 1088 occurrent,
1728 1048 1775 1080 ut

12 1099 200 1159 ὸᾸιικνε,
239 1113 445 1161 mituws,
488 1113 654 1160 similia,
697 1113 768 1151 sed
810 1125 859 1151 ea
899 1112 1199 1162 antiquissimae
1241 1112 1295 1151 Μ.
1329 1111 1491 1149 Horatii
1533 1111 1654 1149 aetati
1700 1111 1770 1149 vix

11 1179 115 1219 satis
160 1180 445 1219 convenientia.
515 1179 629 1230 Quae
675 1180 861 1219 desinunt
906 1180 947 1217 in
995 1210 1005 1218 .
1031 1210 1040 1219 .
1066 1209 1075 1218 .
1103 1211 1112 1219 .
1142 1190 1290 1219 nsluvs
1337 1180 1591 1230 cognomina,
1637 1178 1773 1217 Verri-

10 1259 111 1295 nus,
147 1246 364 1295 Turrinus,
403 1248 483 1287 alia
517 1249 671 1299 (neque
708 1249 812 1287 enim
853 1248 1012 1299 singula
1053 1247 1296 1299 persequor)
1334 1248 1609 1298 antiquitatem
1645 1248 1774 1297 magis

10 1310 203 1355 redolent.
259 1314 474 1355 Turriuum
504 1316 710 1355 consulum
747 1316 840 1355 fasti
875 1316 1045 1369 offerunt
1072 1329 1109 1354 a.
1129 1331 1167 1355 u.
1189 1329 1222 1355 c.
1244 1317 1336 1355 515.
1394 1316 1437 1353 Is
1476 1317 1517 1353 in
1547 1315 1774 1365 capitolinis

10 1383 160 1422 tabulis
179 1384 367 1422 scribitur
386 1395 411 1424 c
427 1405 437 1413 ·
453 1395 652 1423 mmitivs
668 1405 677 1413 ·
695 1395 751 1432 Q,-
765 1395 787 1422 r
802 1405 812 1412 ·
829 1394 886 1431 Q·
902 1396 930 1422 Ν
949 1405 958 1413 ·
970 1385 1181 1423 TVRRINVS
1202 1385 1245 1434 (l.
1263 1397 1296 1422 c.
1318 1396 1357 1433 p.
1374 1384 1488 1433 435).
1532 1383 1622 1421 Hoc
1641 1383 1773 1433 ipsum

11 1449 173 1490 Turi-ini
200 1463 419 1502 cognomen
446 1452 501 1490 M.
522 1452 690 1490 Horatio
720 1466 756 1490 a.
785 1451 864 1490 305
900 1453 1054 1491 consuli
1090 1453 1277 1491 feriarum
1312 1452 1524 1490 latinarum
1553 1451 1775 1502 fragmenta

11 1529 101 1557 cum
126 1518 299 1558 Diodori
327 1520 446 1559 siculi
473 1520 588 1559 fastis
617 1520 765 1558 collata
793 1532 882 1558 meo
911 1521 1057 1559 iudicio
1087 1521 1301 1559 vindicant.
1360 1519 1530 1558 Diodori
1560 1518 1674 1568 (XII,
1703 1518 1775 1568 26)

9 1586 170 1626 codices
184 1585 225 1637 ¹)
253 1588 347 1627 anni
376 1588 455 1627 305
486 1587 669 1627 consules
697 1589 773 1627 hoc
800 1588 939 1628 ordine
967 1594 1136 1640 ponunt:

606 1696 763 1755 Κᾶγκος
788 1698 963 1760 ’Opoe'rnoc

607 1767 766 1813 Λεώειος
793 1766 996 1828 Οὐαλέριος
1021 1765 1234 1827 Τοόρπινος.

0 1894 64 1946 In
89 1897 249 1939 Horatii
276 1899 533 1950 praenomine
561 1913 673 1939 error
700 1900 959 1939 manifestus:
997 1899 1066 1938 sed
1096 1899 1273 1938 codicum
1302 1903 1498 1937 vetustate
1527 1906 1567 1937 et
1593 1899 1776 1938 librario·

0 1960 103 2034 ξπιιι
129 1967 288 2006 inscitia
315 1961 475 2017 Κᾶγκος
500 1968 647 2007 factum
676 1982 698 2008 e
722 1962 879 2023 Μάρκος
905 1980 1023 2006 nemo
1051 1968 1204 2017 peritus
1233 1967 1452 2005 mirabitur.
1494 1967 1620 2005 Multo
1650 1968 1777 2006 maior

0 2038 58 2078 Zet
81 2034 195 2074 cuius
223 2047 302 2074 non
331 2035 433 2075 adeo
461 2034 580 2087 plane
607 2037 720 2075 reddi
748 2036 851 2075 ratio
878 2034 1007 2087 possit
1036 2035 1262 2086 corruptela
1289 2041 1352 2074 est
1370 2035 1618 2087 cognominis
1637 2035 1684 2073 L.
1695 2035 1777 2073 Va-

0 2096 117 2157 Jlm'i,
145 2103 214 2153 qui
241 2115 331 2142 cum
356 2105 513 2144 Ποτῖτος
545 2104 666 2143 fuerit
692 2105 733 2142 in
763 2104 933 2142 Diodori
962 2104 1165 2142 codicibus
1194 2103 1338 2141 dicitnr
1366 2098 1582 2141 Tou'amvoc.
1627 2103 1775 2141 Verum

0 2169 53 2230 {si
85 2171 265 2211 attendes
297 2165 500 2226 Τοόρπιιιᾳς
523 2185 558 2219 ,a
585 2169 779 2228 Τουρῥῒνος
816 2172 883 2210 vix
917 2173 1126 2222 quicquam
1162 2171 1330 2218 distare,
1374 2171 1450 2209 hac
1482 2171 1652 2209 lectione
1687 2183 1775 2209 cum

0 2237 225 2297 [latinarum
253 2239 370 2278 fastis
389 2240 545 2287 collata,
575 2241 730 2290 opinor,
759 2241 967 2290 intelleges
994 2240 1183 2278 librarios
1211 2238 1266 2277 M.
1286 2238 1445 2277 Horatii
1476 2251 1697 2290 cognomen
1726 2239 1777 2277 ad

0 2303 280 2361 {LValerium
307 2308 573 2354 transtulisse,
607 2313 647 2346 et
673 2308 715 2346 in
742 2308 923 2346 Diodoro
952 2301 1105 2360 Μάρκος
1130 2300 1304 2361 ‘Opa'rwc
1332 2303 1538 2360 Τουῇῥῖνσς,
1575 2308 1615 2345 in
1646 2307 1777 2356 lapide

0 2365 568 2448 {u·noun0·n·1=11·l·n
603 2375 745 2414 tumn
789 2388 880 2414 esse
922 2374 1179 2414 restituenda.
1244 2374 1347 2412 Tam
1389 2388 1524 2413 rarum
1559 2387 1777 2425 cognomen

0 2436 73 2496 ’νζ-Π.
93 2439 267 2491 Horatio
294 2443 336 2481 in
363 2443 454 2494 ipso
482 2443 654 2482 fortasse
683 2444 892 2482 consulatu
920 2451 958 2482 et
975 2443 1176 2492 triumpho
1196 2454 1287 2480 esse
1315 2442 1552 2480 adtributum
1583 2442 1778 2492 quaedam

0 2504 117 2602 {inihi
143 2510 371 2548 coniectura
399 2512 613 2564 suggessit.
670 2511 747 2550 Ille
776 2512 879 2550 enim
909 2512 957 2549 de
979 2509 1140 2550 Sabinis
1170 2510 1447 2560 triumphavit3
1477 2518 1517 2548 et
1543 2511 1585 2548 in
1616 2509 1776 2548 Sabinis

6 2596 39 2622 μ
77 2576 89 2586 '
108 2577 270 2617 undium
298 2585 359 2616 est
381 2578 506 2626 Torri,
535 2579 739 2629 pelasgici,
770 2584 813 2617 ut
842 2579 1026 2629 Nibbyns
1056 2579 1153 2624 vult,
1183 2578 1321 2628 templi
1350 2579 1519 2628 aliisque
1548 2590 1775 2616 monumen-

2 2638 151 2691 }wrum
177 2645 303 2684 ruinis
339 2647 587 2686 nobilitatum
624 2646 792 2698 (Nibby‚
827 2647 1012 2685 Dintorm'
1046 2648 1088 2684 di
1115 2647 1237 2684 Roma
1264 2646 1296 2692 I,
1326 2646 1449 2696 538);
1486 2646 1595 2695 qupd
1628 2646 1777 2683 Turrim

94 2714 280 2751 obituum
314 2717 507 2764 antiquam
541 2714 662 2753 Gabis
696 2721 831 2753 vetera
866 2714 1074 2752 Farfensis
1111 2714 1289 2752 coenobii
1323 2713 1541 2762 diplomata
1576 2713 1780 2763 appellant

7 2768 230 2828 ſsealletti,
267 2780 388 2819 Gabia
422 2785 549 2821 antica
583 2784 674 2821 citui
709 2783 813 2820 della
842 2781 990 2820 Sabina
1025 2789 1201 2831 scopet-ta
1238 2794 1303 2818 ove
1335 2782 1354 2817 ὲ
1382 2793 1452 2818 ora
1485 2781 1614 2826 Tor-ri,
1651 2780 1779 2817 Roma

1 2841 164 2899 >affl-¹37).
221 2846 372 2896 Quidni
397 2849 519 2900 igitur
547 2857 756 2900 utrumque
785 2850 863 2887 loci
892 2862 1036 2887 nomen
1064 2850 1268 2898 antiquum
1291 2849 1342 2886 sit
1371 2855 1409 2885 et
1434 2848 1488 2885 M.
1509 2848 1701 2885 Horatius
1730 2860 1779 2884 eo

2 2903 102 2945 *w*
146 2913 317 2954 Sabinos
353 2916 518 2963 fuderit,
561 2917 787 2967 idcircoque
826 2917 1023 2954 Turrinus
1066 2916 1231 2953 honoris
1275 2927 1397 2953 causa
1439 2915 1492 2952 sit
1527 2915 1777 2964 appellatus?

13 2971 130 3026 Huic
156 2988 287 3020 tamen
315 2984 564 3022 coniecturae
592 2984 814 3034 Dionysius
843 2991 883 3021 et
911 2983 1052 3021 Livius
1086 2996 1224 3033 parum
1254 2983 1405 3029 favent3
1446 2982 1511 3032 qui
1542 2981 1779 3020 Sabinorum

22 3095 24 3099 Ι
79 3064 115 3081 :2
132 3061 159 3086 a
193 3049 300 3087 circa
326 3050 489 3088 Eretum
526 3051 678 3089 munita
711 3056 892 3096 narrant3
931 3051 1072 3088 Turris
1101 3063 1196 3088 vero
1226 3058 1377 3100 septem
1406 3050 1560 3088 circiter
1586 3062 1779 3100 passuum

69 3114 79 3123 '
112 3115 200 3154 ibus
227 3128 350 3167 supra
375 3118 538 3156 Eretum
568 3118 646 3156 sita
670 3118 802 3156 Roma
829 3118 987 3167 longius
1016 3118 1141 3155 abest.

3 3332 12 3335 ,
130 3298 163 3340 ¹)
192 3298 475 3343 [Antiquissimus
500 3301 652 3334 omnium
676 3300 791 3334 Patmi
815 3309 924 3342 nuper
946 3304 1099 3342 repertus
1123 3299 1190 3332 hoc
1213 3301 1290 3332 loco
1315 3309 1337 3332 a
1361 3299 1556 3342 vulgaribus
1582 3310 1623 3333 eo
1647 3303 1779 3334 tantum

4 3357 183 3401 'aidi-cedit,
210 3361 302 3403 quod
326 3361 374 3393 ibi
399 3366 450 3393 est
472 3353 594 3405 ιωῖγκων
620 3354 767 3406 ‹ifinw-
822 3360 892 3393 Tu.
909 3359 975 3402 M.]

0 3409 33 3594 ’Ξ
1457 3419 1480 3458 7
