2222 3594
355 210 416 256 92
833 216 1034 257 HuBNER
1059 224 1267 265 QVAEST.
1296 225 1582 260 ONOMATOL.
1610 228 1642 260 1.

351 340 545 390 praebent
578 339 765 377 lucernae
792 339 1038 378 Puteolanae
1077 345 1216 378 extant
1249 353 1327 379 non
1358 341 1626 391 infrequentes
1657 343 1880 381 Romanesis
1908 344 2124 394 inscriptae
2184 350 2192 356 ”

352 409 403 458 (Ι.
426 407 479 446 Ν.
503 406 624 454 6308,
645 407 718 457 29);
751 409 820 446 sed
851 420 952 458 nego
982 421 1068 446 eam
1099 409 1283 447 adiectivi
1310 410 1480 448 formam
1510 422 1683 459 unquam
1714 424 1787 461 pro
1817 412 1974 449 nomine
2000 413 2124 462 genti·
2176 405 2187 435 ἶ

351 477 443 515 11616
481 476 606 514 fuisse
643 481 855 526 receptam.
913 475 1108 515 Videatur
1144 478 1262 515 etiam
1298 490 1401 527 quae
1431 478 1480 515 de
1510 479 1783 528 togatensibus
1813 478 2027 519 Henzenus
2056 481 2123 520 ad·
2168 499 2202 510 ν

354 545 508 583 notavit
537 545 577 582 in
607 544 760 595 ephem.
792 558 825 582 a.
848 543 952 582 1872
982 558 1019 594 p.
1044 544 1134 582 217.
1181 545 1395 595 Perperam
1427 546 1582 592 deinde,
1614 546 1654 583 ni
1684 546 1814 593 fallor,
1843 547 1885 585 in
1913 548 1987 586 hac
2006 560 2124 598 quae·
2182 557 2202 596 {J

353 614 482 651 stione
513 612 563 650 ad
594 612 700 651 servi
729 612 814 650 eius
845 612 1004 651 nomina
1032 619 1223 662 provocat
1242 613 1460 661 Beckerus,
1491 614 1558 664 qui
1589 626 1692 652 anno
1714 615 1824 653 urbis
1846 615 1925 654 350
1947 617 2123 655 Artenae

351 681 601 719 Volscorum
622 680 757 730 oppidi
787 693 918 718 arcem
938 680 1131 719 Romanis
1162 681 1377 720 tradidisse
1396 682 1521 719 fertur
1541 682 1647 732 apud
1667 682 1825 720 Livium
1845 683 1884 730 4,
1907 683 1971 722 61.
2016 683 2122 724 Nam

350 750 406 795 is,
437 749 472 787 si
502 761 676 799 unquam
705 749 800 795 fuit,
830 761 901 799 per
930 749 1065 787 ludum
1096 749 1222 787 dictus
1253 755 1312 788 est
1347 749 1503 788 Servius
1533 750 1746 796 Romanus,
1784 750 1891 800 quod
1918 751 2123 792 Romanos
2175 786 2177 789 .

351 817 588 863 servaverit3
621 817 797 867 pariliter
825 821 869 854 ut
890 817 1025 855 Fertor
1044 818 1181 855 Regius
1204 817 1272 855 ille
1292 830 1357 855 rex
1376 817 1605 867 Aequicolus
1626 823 1665 855 et
1685 819 1841 856 similia.
1891 819 1946 857 Et
1965 821 2124 870 scripsit
2172 855 2174 857 ,

351 887 523 924 fortasse
553 885 600 932 is,
630 885 697 934 qui
726 885 910 922 fabellam
939 885 1041 923 hanc
1071 885 1256 932 narravit,
1286 885 1442 924 Servius
1462 886 1672 924 Romanius
1682 899 1693 933 ;
1722 900 1815 925 nam
1836 887 1990 927 Servius
2010 901 2122 939 prae·-
2164 920 2174 930 „

350 967 494 993 nomen
525 939 595 992 est.
641 953 762 991 Recte
793 954 981 991 statuisse
1001 953 1222 991 Varronem
1252 954 1437 1003 exempla
1458 953 1601 992 docent
1620 954 1906 994 Romaniorum
1928 956 2024 995 satis
2043 957 2124 996 fre·

351 1023 528 1073 quentia,
558 1034 659 1072 quae
690 1033 811 1072 supra
831 1022 1037 1072 composui
1057 1022 1096 1059 in
1118 1021 1247 1059 indice
1269 1022 1397 1068 tertio,
1426 1022 1630 1059 hominum
1651 1023 1895 1062 condicionis
1916 1024 2123 1064 libertinae
2168 1007 2197 1068 '1'

352 1091 528 1129 omnium
549 1096 588 1129 et
607 1096 723 1128 extra
743 1090 882 1128 urbem
902 1096 1059 1138 reperta
1078 1089 1280 1139 pleraque.
1324 1090 1511 1128 Romanii
1533 1089 1651 1140 igitur
1670 1091 1731 1128 illi
1752 1097 1820 1129 aut
1839 1083 2125 1132 descenderunt
2145 1087 2147 1090 Α
2169 1123 2174 1135 2

351 1161 400 1198 ab
424 1159 651 1197 hominibus
674 1158 888 1196 secundum
910 1162 1107 1196 vetustam
1128 1157 1455 1196 consuetudinem
1484 1158 1710 1196 nominatos
1742 1165 1809 1197 aut
1838 1159 1917 1210 ipsi
1945 1160 2003 1199 ita
2030 1161 2124 1200 dicti
2156 1144 2181 1148 A·

352 1211 445 1265 sunt
463 1232 601 1265 contra
622 1239 735 1265 usum
756 1226 1016 1265 recentiorem
1037 1232 1200 1276 propter
1219 1227 1392 1264 rationes
1414 1227 1530 1264 nobis
1550 1226 1719 1276 ignotas.
1751 1228 1806 1265 At
1820 1239 1922 1277 quae
1937 1228 1980 1266 in
1994 1229 2124 1268 indice

352 1295 525 1334 secundo
555 1295 672 1346 posui
702 1294 949 1344 cognominis
969 1294 1142 1332 Romani
1173 1294 1358 1344 exempla
1385 1294 1478 1332 item
1507 1281 1744 1344 frequentia,
1775 1308 1822 1334 ea
1842 1301 1881 1333 et
1899 1296 1988 1347 ipsa
2006 1297 2123 1335 liber·
2159 1290 2179 1339 ἶ
2213 1306 2218 1311 ’

351 1364 457 1402 tinae
486 1363 644 1413 quidem
674 1362 917 1401 condicionis
942 1362 1147 1400 hominum
1169 1363 1302 1400 omnia
1322 1367 1427 1409 sunt,
1458 1368 1502 1400 ut
1520 1362 1676 1412 reliqua
1696 1363 1778 1402 eius
1799 1365 1966 1414 generis,
1995 1378 2170 1416 neque

350 1446 444 1470 vero
475 1432 523 1469 de
553 1431 707 1483 origine
736 1431 936 1469 hominum
966 1431 1126 1468 illorum
1157 1431 1254 1468 certi
1284 1431 1500 1481 quidquam
1530 1431 1712 1480 probant.
1769 1432 1908 1482 Itaque
1930 1429 2122 1472 Varronis
2160 1435 2162 1438 ’

350 1500 619 1539 testimonium
657 1500 792 1550 aliqua
826 1500 978 1537 ratione
1015 1499 1170 1536 videtur
1206 1499 1381 1537 indicare
1411 1499 1676 1537 Venafranios
1713 1500 1851 1551 oppidi
1879 1500 2042 1540 libertos
2073 1503 2122 1541 ab
2164 1495 2178 1523 —1

349 1570 418 1616 iis,
451 1569 518 1619 qui
542 1568 859 1606 Venafranorum
890 1567 1080 1617 gerebant
1109 1580 1272 1614 nomen,
1303 1568 1502 1605 diversam
1532 1568 1727 1618 originem
1755 1568 1956 1607 habuisse.
2013 1569 2124 1608 Inter
2165 1582 2175 1602 ‚-

350 1639 512 1676 nomina
548 1637 669 1688 igitur
703 1636 745 1674 in
776 1638 886 1673 anius
915 1635 1058 1673 indicis
1089 1635 1254 1674 alterius
1284 1635 1585 1686 municipiorum
1613 1636 1747 1674 liberti
1775 1637 1989 1686 quaerendi
2019 1643 2121 1687 sunt,
2160 1672 2163 1684 2

350 1719 428 1745 non
457 1706 561 1743 inter
591 1718 650 1751 ea,
680 1717 781 1754 quae
810 1704 851 1741 in
881 1716 977 1742 anus
1007 1703 1281 1742 terminantur.

464 1772 544 1812 Sed
580 1773 675 1823 quid
713 1773 761 1811 de
796 1773 859 1810 his
897 1772 1177 1810 statuendum?
1235 1772 1340 1810 Puto
1371 1785 1418 1809 ea
1448 1773 1613 1810 eandem
1643 1772 1802 1811 omnino
1832 1773 2024 1824 originem
2053 1774 2121 1812 ha·

350 1834 487 1881 buisse
526 1847 646 1891 atque
680 1841 881 1892 gentilicia
910 1840 1082 1878 Etrusca
1109 1841 1151 1878 in
1180 1853 1273 1878 erna
1302 1853 1399 1878 emta
1428 1847 1466 1878 et
1493 1840 1533 1877 in
1563 1843 1629 1878 ina
1657 1842 1768 1889 iuna,
1799 1841 1953 1880 Umbra
1981 1848 2021 1881 et
2050 1840 2122 1881 Sa·

350 1911 446 1949 bina
473 1911 514 1948 in
546 1922 642 1947 anas
672 1921 761 1947 enas
790 1911 889 1956 inas,
920 1908 1123 1960 gentilicia
1152 1909 1193 1946 in
1223 1910 1307 1946 inus
1337 1916 1377 1946 et
1406 1921 1506 1954 enus,
1536 1908 1693 1958 reliqua
1721 1921 1800 1947 non
1829 1909 1871 1947 in
1899 1912 1970 1960 ius·
1989 1910 2122 1949 termi-
2156 1906 2170 1946 j

350 1986 457 2018 nata.
508 1977 668 2017 Scilicet
696 1982 739 2014 ut
769 1989 820 2014 ex
851 1976 1001 2015 Tuscia
1029 1983 1068 2015 et
1095 1975 1263 2015 Umbria
1291 1981 1330 2014 et
1357 1982 1498 2027 postea
1529 1990 1579 2014 ex
1609 1989 1688 2015 una
1717 1989 1876 2027 quaque
1905 1978 2121 2028 provincia,
2166 1969 2167 1975 ἵ

349 2049 406 2086 ita
442 2060 493 2085 ex
523 2046 640 2084 Latio
675 2045 987 2095 regionibusque
1017 2045 1181 2092 vicinis,
1218 2050 1334 2094 atque
1371 2058 1421 2083 ex
1455 2045 1536 2083 illis
1573 2045 1698 2083 multo
1728 2046 1846 2084 etiam
1875 2045 2122 2096 frequentius
2158 2069 2171 2093 χ

351 2122 390 2154 et
417 2115 508 2153 inde
539 2114 588 2152 ab
618 2113 896 2163 antiquissimo
927 2119 1116 2163 tempore,
1146 2113 1329 2151 homines
1358 2113 1570 2164 peregrini,
1600 2113 1868 2165 negotiatores
1897 2120 1938 2153 et
1957 2115 2120 2166 opifices

349 2183 621 2233 potissimum,
656 2182 826 2220 Romam
856 2181 1123 2231 migraverunt
1152 2194 1203 2219 ex
1235 2180 1402 2231 singulis
1433 2181 1590 2232 oppidis
1620 2188 1688 2220 aut
1718 2181 1865 2232 singuli
1896 2188 1963 2220 aut
1990 2183 2119 2234 pauci,
2150 2203 2168 2234 ,j

349 2253 456 2302 iique
493 2264 573 2289 non
607 2250 863 2300 patriciorum
892 2249 1078 2296 clientes,
1113 2249 1248 2300 ibique
1279 2250 1410 2288 sedem
1441 2249 1624 2294 fixerunt.
1684 2249 1739 2287 Hi
1769 2263 1794 2288 a
1820 2249 2013 2290 Romanis
2041 2251 2123 2302 pri-

350 2334 457 2359 mum
492 2319 664 2357 breviter
701 2319 796 2356 dicti
831 2323 924 2356 sunt
959 2323 1028 2355 aut
1062 2329 1104 2354 se
1138 2318 1248 2368 ipsos
1268 2317 1466 2366 ‚dixerunt
1494 2331 1518 2355 a
1546 2317 1676 2369 patria
1705 2317 1915 2367 Aefolanus
1946 2318 2122 2370 Afilanus
2148 2319 2171 2326 ’

351 2395 390 2427 et
420 2388 478 2427 sic
508 2388 713 2438 deinceps3
744 2386 784 2424 id
814 2386 921 2436 quod
949 2399 992 2424 re
1022 2398 1117 2424 vera
1145 2385 1348 2424 indicabat
1377 2399 1464 2424 eum
1490 2387 1558 2436 qui
1578 2399 1628 2424 ex
1649 2386 1794 2424 Aefola
1812 2386 1970 2425 Afilave
1989 2383 2122 2426 oriun-
2155 2373 2172 2440 {-

350 2457 425 2495 dus
457 2462 553 2494 erat.
601 2456 662 2493 Ita
690 2454 772 2492 fere
800 2455 904 2492 inter
933 2459 1131 2492 nostrates
1163 2454 1220 2503 (et
1250 2454 1393 2504 ubique
1415 2454 1588 2505 gentium
1618 2454 1734 2504 puto)
1763 2453 1925 2504 opifices
1945 2455 2121 2495 iuniores
2162 2455 2170 2497 ζ’

352 2538 376 2562 a
396 2525 525 2574 patria
543 2524 709 2562 invicem
732 2534 818 2561 sese
840 2523 1044 2573 appellare
1065 2522 1246 2560 audimus
1274 2522 1360 2572 (der
1380 2522 1642 2572 Straabinyer,
1664 2525 1730 2561 der
1753 2512 2120 2574 Reuenbriezener){
2150 2514 2173 2574 ᾗ

350 2598 468 2643 atque
504 2577 687 2630 similiter
715 2591 886 2629 Iudaeos
916 2590 1167 2641 potissimum
1198 2590 1398 2637 homines,
1435 2596 1479 2628 ut
1506 2589 1744 2629 Christianis
1774 2602 1862 2628 sese
1891 2591 2121 2642 aequipera-

351 2666 450 2708 rent,
481 2664 550 2698 aut
577 2660 665 2710 lege
694 2665 852 2697 coactos
883 2663 951 2696 aut
976 2664 1117 2707 sponte
1138 2659 1188 2697 ab
1209 2658 1379 2709 oppidis,
1410 2671 1461 2697 ex
1483 2659 1625 2708 quibus
1647 2658 1804 2697 oriundi
1825 2663 1930 2707 sunt,
1959 2659 2122 2698 nomina
2149 2654 2167 2714 ¹⁴.

350 2729 530 2767 videmus
553 2728 630 2766 sibi
649 2739 803 2765 sumere
833 2726 896 2776 (ut
916 2726 1163 2776 Bambergyer,
1192 2726 1463 2772 Warsckauer,
1490 2726 1637 2764 similia
1655 2726 1894 2776 innumera).
1944 2724 2121 2766 Nomen·

350 2798 504 2836 elatura
540 2796 639 2834 haec
667 2795 780 2845 quasi
818 2800 908 2833 ante
946 2795 1084 2833 oculos
1115 2794 1228 2832 nobis
1259 2795 1381 2844 ponit,
1412 2807 1527 2844 quem
1559 2794 1610 2832 ad
1638 2794 1800 2832 modum
1828 2794 1942 2844 plebs
1970 2795 2122 2842 urbana
2161 2823 2163 2850 3

350 2878 496 2916 magna
530 2878 581 2903 ex
617 2870 728 2915 parte
766 2863 935 2901 conflata
971 2876 1021 2901 ex
1057 2863 1142 2901 eius
1177 2863 1339 2914 generis·
1364 2862 1589 2900 hominibus
1618 2868 1736 2912 atque
1767 2863 1885 2900 etiam
1922 2875 1974 2901 ex
2009 2863 2121 2914 oppi-
2149 2896 2169 2916 ,3

351 2935 491 2972 dorum
522 2933 742 2971 dirutorum
770 2931 969 2982 quondam
1000 2931 1140 2969 incolis
1171 2931 1319 2969 sensim
1349 2937 1564 2968 consecuta
1586 2935 1647 2968 est
1667 2931 1754 2969 iura
1773 2931 1956 2969 civitatis.
2006 2930 2120 2980 Quae
2151 2924 2170 2954 Γ

351 3002 455 3040 enim
483 3001 637 3052 patriae
666 3006 819 3038 tantum
848 2999 1109 3038 indicationes
1141 3004 1252 3037 erant
1276 2998 1522 3049 singulorum
1544 2998 1747 3037 hominum
1767 2999 1807 3036 in
1827 3006 2008 3050 posteros
2029 3011 2120 3050 pro·
2156 2984 2186 3021 Ῐ·

350 3076 519 3122 pagatae
549 3069 722 3119 speciem
751 3068 954 3106 nominum
983 3067 1275 3117 gentiliciorum
1306 3067 1630 3116 adsumpserunt3
1662 3067 1732 3105 sed
1762 3067 1933 3116 speciem
1953 3072 2119 3114 tantum,

351 3152 430 3176 non
460 3139 606 3176 iustam
636 3137 802 3175 formam
832 3136 874 3174 in
902 3139 962 3174 ius
983 3136 1240 3182 desinentem,
1270 3135 1378 3185 quali
1405 3135 1628 3185 gaudebant
1650 3135 1719 3185 qui
1739 3135 1827 3173 iure
1845 3134 2118 3174 manumissio·
2147 3141 2158 3182 ,ζ
2210 3126 2214 3129 ’

352 3207 415 3244 nis
444 3206 668 3244 libertatem
698 3211 737 3243 et
765 3204 966 3243 civitatem
997 3204 1127 3254 adepti
1155 3209 1279 3242 erant.

800 3279 806 3282 “
1672 3271 1781 3309 ΑΕΜ.
1812 3270 2007 3310 Ht‘iBNER.
