2222 3594
312 224 408 272 268
699 234 1103 270 OBSERVATmNEs
1138 208 1504 272 ErreRAPHroAE
1538 239 1678 274 xv111.

309 353 451 392 Africa
491 358 625 403 gestas
657 357 889 390 ornamenta
918 353 1175 404 triumphalia
1203 354 1331 393 denuo
1362 360 1608 406 statuamque
1638 355 1857 393 laureatam
1901 355 2086 405 (Tacitus

310 435 402 460 ann.
433 422 472 469 4,
497 420 580 471 23).
640 420 792 459 Romae
824 426 1087 459 commoratus
1117 434 1188 471 per
1219 434 1344 460 annos
1380 430 1591 473 sequentes
1622 424 1809 472 (Tacitus
1839 434 1929 462 ann.
1962 424 1998 472 3,
2021 423 2085 462 64.

312 490 350 538 4,
371 490 433 529 13.
467 489 550 539 22.)
581 491 740 541 legatus
764 488 1004 528 Germaniae
1024 490 1224 529 inferioris
1244 491 1372 529 factus
1393 496 1453 530 est
1483 504 1518 530 a.
1552 491 1604 530 28
1628 491 1823 539 (Tacitus
1844 504 1938 530 ann.
1959 493 1999 540 4,
2021 492 2086 530 73.

313 559 378 606 11,
403 557 492 608 19);
532 570 624 596 nam
661 571 748 597 eam
785 558 1025 609 legationem
1061 558 1130 608 qui
1165 559 1248 597 filio
1285 560 1463 598 tribuunt
1499 573 1545 598 eo
1584 566 1761 611 tempore
1789 559 1962 599 nondum
1992 572 2084 598 con·
2142 569 2151 578 ⁸

313 626 392 665 suli
420 626 538 674 facto,
560 627 735 678 graviter
755 620 900 665 errant.
958 626 1081 665 Recte
1111 635 1244 666 autem
1265 628 1407 677 opinor
1436 629 1486 667 ad
1515 642 1603 667 eum
1625 628 1861 667 rettulerunt
1882 629 1957 666 viri
1985 628 2090 667 docti

311 695 472 734 titulum
528 695 894 745 Mogontiacensem
932 696 1078 747 (Orell.
1117 695 1224 734 2976
1257 713 1305 729 =
1339 696 1563 735 Brambach
1600 697 1699 747 937)
1740 697 1919 744 mulieris
1959 697 2091 736 euius-

317 764 407 802 dam
430 764 527 802 civis
542 763 747 802 Romanae
767 767 921 803 natione
936 765 1103 803 Nerviae
1122 767 1285 802 inmunis
1307 765 1516 815 benefic(i0)
1537 765 1620 815 [L.]
1642 766 1802 816 Aproni.
1833 764 2092 816 Legationem

317 831 571 879 Germaniae,
601 832 643 870 in
672 845 752 882 qua
784 833 936 871 cladem
966 846 990 870 a
1020 833 1164 871 Frisiis
1196 836 1360 883 accepit,
1391 846 1481 871 eum
1510 834 1760 883 protraxisse
1790 834 1841 872 ad
1870 846 1906 872 a.
1930 833 1983 872 34
2011 846 2090 871 non

243 941 248 943 ,
315 901 414 940 satis
446 906 552 939 certo
583 901 756 939 efficitur
785 914 837 939 ex
867 901 999 939 Taciti
1029 902 1117 939 loco
1150 902 1186 948 6,
1210 902 1281 939 30:
1316 901 1533 940 Gaetulicus
1564 915 1608 940 ea
1639 908 1850 953 tempestate
1879 903 2091 955 superioris

321 969 551 1009 Germaniae
581 969 743 1019 leqionos
765 971 927 1008 curabat
952 973 1159 1019 mirumque
1189 982 1352 1008 amtorem
1373 971 1573 1009 adsecutus
1595 978 1677 1009 erat
1696 971 1835 1020 effusae
1865 970 2093 1018 clementiae,

314 1039 482 1076 modicus
512 1040 711 1076 sever-itate
741 1045 776 1076 et
796 1041 972 1088 proximo
1002 1050 1150 1088 quoque
1180 1041 1357 1076 exercitui
1387 1052 1459 1088 per
1488 1038 1537 1076 L.
1581 1039 1794 1089 Apronium
1824 1051 1991 1077 socerum
2019 1051 2093 1077 non

311 1109 498 1157 inqratas.
574 1105 770 1145 Lentulus
830 1106 1064 1145 Gaetulicus
1126 1106 1266 1144 consul
1314 1119 1348 1144 a.
1399 1105 1448 1144 26
1505 1119 1594 1145 cum
1650 1121 1721 1157 per
1776 1107 1912 1146 decem
1967 1118 2094 1145 annos

319 1174 560 1214 Germaniae
643 1175 840 1224 superiori
916 1174 1183 1225 praefuisset,
1272 1174 1390 1225 periit
1465 1175 1684 1225 imperante
1760 1174 1863 1214 Gaio
1941 1188 1977 1214 a.
2041 1174 2118 1212 39·

318 1243 416 1293 (Dio
448 1242 513 1290 59,
539 1242 621 1292 22).
671 1241 749 1282 Sed
788 1255 1029 1292 quamquam
1069 1243 1206 1280 eodem
1250 1249 1427 1293 tempore
1457 1243 1643 1281 Tiberius
1679 1255 1859 1282 socerum
1902 1243 2094 1289 inferiori,

315 1324 504 1363 generum
543 1311 739 1360 superiori
774 1311 968 1349 exercitui
1004 1311 1242 1360 praefecisse
1281 1312 1447 1359 videtur,
1491 1319 1534 1349 ut
1570 1312 1669 1350 nihil
1703 1311 1868 1363 impedit
1901 1314 1959 1349 ita
1994 1311 2096 1349 nihil

316 1381 421 1431 cogit
466 1385 509 1418 ut
552 1386 763 1429 utrumque
799 1380 850 1416 ad
899 1386 1066 1418 mortem
1122 1392 1246 1429 usque
1276 1380 1429 1418 Tiberii
1469 1383 1510 1418 in
1557 1381 1694 1419 eodem
1746 1380 1876 1418 officio
1912 1392 2095 1431 perman·

317 1452 420 1488 sisse
467 1453 703 1486 statuamus.
780 1447 880 1486 Utut
936 1453 1016 1494 est,
1078 1460 1124 1485 eo
1179 1460 1257 1498 quo
1302 1447 1482 1486 Velleius
1539 1450 1702 1499 scripsit
1742 1454 1920 1501 tempore
1957 1460 1992 1486 a.
2042 1448 2095 1486 30

315 1517 523 1569 Apronius
557 1517 759 1554 etiamtum
794 1517 835 1554 in
865 1517 968 1555 vivis
1006 1517 1162 1555 videtur
1190 1517 1327 1554 fuisse.
1412 1517 1562 1555 Postea
1589 1529 1668 1555 non
1697 1521 2025 1556 commemoratur
2059 1521 2100 1555 et

314 1591 359 1624 ut
387 1585 540 1624 Tiberii
578 1591 760 1634 tempora
796 1584 999 1635 effugerit,
1042 1591 1205 1635 propter
1235 1590 1417 1623 exactam
1454 1591 1624 1624 aetatem
1661 1586 1727 1623 diu
1765 1597 1975 1635 superesse
2013 1598 2096 1624 non

318 1654 459 1705 potuit.
521 1651 629 1692 Satis
661 1658 790 1691 autem
822 1658 988 1704 apparet
1016 1652 1065 1690 L.
1097 1653 1321 1702 Apronium
1352 1658 1390 1692 et
1418 1660 1582 1704 propter
1611 1654 1822 1692 militarem
1856 1654 2096 1692 industriam

320 1728 361 1760 et
389 1726 552 1773 propter
589 1721 708 1759 fidem
746 1721 935 1760 adversus
965 1722 1242 1771 imperatorem
1282 1723 1330 1759 ab
1367 1722 1593 1760 adulatione
1624 1722 1808 1771 (Tacitus
1839 1734 1931 1760 ann.
1950 1720 2001 1769 2,
2023 1721 2094 1771 32)

319 1802 400 1828 non
437 1790 608 1828 alienam
645 1790 748 1828 inter
784 1790 983 1839 principes
1035 1790 1177 1828 aetatis
1222 1790 1461 1828 Tiberianae
1504 1791 1612 1828 viros
1656 1790 1788 1828 locum
1838 1790 2095 1840 conspicuum

321 1859 554 1898 obtinuisse.

434 1927 601 1965 Praeter
630 1926 734 1964 filias
766 1927 884 1973 duas,
931 1939 1096 1976 quarum
1127 1927 1265 1976 nupsit
1294 1927 1439 1974 altera,
1483 1930 1526 1964 ut
1554 1926 1671 1964 modo
1701 1927 1890 1974 vidimus,
1925 1926 2095 1965 Lentulo

325 1994 536 2034 Gaetulico
574 1994 729 2032 consuli
779 2007 813 2032 a.
848 1994 912 2040 26,
961 1995 1084 2033 altera
1118 1995 1278 2033 Plautio
1317 1994 1480 2034 Silvano
1523 1995 1698 2044 praetori
1734 2008 1768 2033 a.
1815 1995 1867 2032 24
1910 1995 2095 2045 (Tacitus

321 2076 413 2102 ann.
444 2064 483 2110 4,
507 2062 591 2113 22),
628 2063 755 2100 filium
791 2063 931 2101 habuit
965 2063 1012 2101 L.
1050 2064 1271 2114 Apronium
1310 2062 1570 2110 Caesianum,
1602 2064 1712 2101 cuius
1755 2063 1916 2113 plenum
1951 2075 2095 2102 nomen

323 2137 484 2171 servant
521 2131 618 2169 fasti
653 2131 838 2169 Antiates
876 2132 954 2168 vol.
991 2133 1009 2169 1
1049 2145 1087 2182 p.
1120 2130 1196 2169 327
1239 2138 1278 2170 et
1313 2138 1408 2169 acta-
1431 2131 1638 2170 Arvalium
1668 2144 1703 2169 a.
1735 2131 1786 2169 39
1828 2131 1884 2181 (p.
1911 2130 2096 2169 XLVIII

322 2199 523 2249 Henzen).
582 2200 777 2237 Meruisse
807 2212 896 2237 eum
926 2213 961 2237 a.
992 2213 1030 2250 p.
1054 2198 1147 2237 Chr.
1172 2199 1223 2237 20
1253 2200 1293 2237 in
1324 2199 1461 2237 Africa
1491 2200 1562 2237 sub
1592 2205 1705 2249 patre
1735 2211 1857 2250 supra
1884 2213 1935 2237 ex
1955 2199 2096 2237 Tacito

319 2268 563 2315 rettulimus,
605 2268 918 2317 confirmantque
957 2269 1144 2305 carmina.
1203 2267 1397 2317 Legatum
1439 2281 1528 2306 eum
1557 2268 1660 2317 patri
1696 2268 1739 2305 in
1767 2267 1946 2305 Africam
1974 2267 2097 2306 ivisse

325 2337 456 2375 adhuc
485 2336 562 2374 viri
592 2336 695 2374 docti
726 2340 949 2374 statuerunt
978 2349 1058 2374 non
1089 2336 1174 2373 sine
1204 2336 1501 2386 probabilitate;
1546 2342 1587 2374 at
1622 2348 1711 2373 cum
1741 2335 1820 2373 iam
1845 2348 1896 2374 ex
1926 2336 2099 2374 carmine
2170 2327 2188 2359 2³

325 2405 578 2455 intellegatur
603 2404 729 2441 filium
757 2416 804 2441 eo
826 2410 1003 2454 tempore
1024 2405 1233 2454 pueritiam
1254 2405 1323 2442 vix
1354 2416 1558 2454 egressum
1594 2416 1721 2453 neque
1750 2404 1832 2442 ullo
1862 2403 2098 2454 magistratu

326 2474 530 2512 etiamtum
565 2472 743 2510 functum
781 2484 915 2522 pugna
944 2479 1122 2523 tempore
1156 2485 1235 2510 non
1273 2474 1488 2519 senatoris,
1527 2473 1596 2510 sed
1633 2472 1777 2522 equitis
1811 2472 1980 2510 Romani
2010 2471 2098 2510 loco

323 2541 464 2588 fuisse,
500 2552 579 2578 non
607 2541 763 2591 legatus
793 2547 945 2590 patrem
976 2541 1185 2578 comitatus
1217 2547 1289 2587 est,
1322 2541 1391 2578 sed
1421 2547 1491 2579 aut
1519 2541 1701 2578 tribunus
1731 2540 1900 2577 militum
1928 2540 2098 2590 legionis

325 2609 399 2648 ivit
447 2613 516 2646 aut
560 2620 690 2646 comes
728 2609 1000 2646 tantummodo
1050 2615 1088 2646 et
1130 2609 1438 2647 contubernalis.
1519 2608 1850 2658 Septemviratum
1886 2620 1975 2645 eum
2003 2620 2097 2646 mox

329 2677 535 2728 accepisse
563 2681 727 2726 propter
755 2677 912 2714 laudem
941 2678 1047 2715 bello
1079 2678 1156 2715 sibi
1184 2683 1338 2726 partam
1367 2689 1419 2714 ex
1449 2676 1524 2714 hoc
1553 2676 1666 2714 titulo
1697 2675 1915 2725 colligitur;
1947 2675 2099 2714 scilicet

331 2759 421 2784 cum
450 2751 611 2796 propter
632 2750 801 2783 aetatem
821 2745 1075 2795 magistratus
1097 2757 1305 2795 capessere
1334 2758 1414 2782 non
1442 2749 1591 2794 posset,
1629 2744 1851 2782 sacerdotio
1882 2748 2097 2783 exornatus

328 2821 390 2853 est
426 2814 496 2864 (cf.
533 2813 621 2851 Liv.
653 2813 720 2859 40,
756 2812 822 2859 42,
853 2813 889 2851 s.
922 2812 987 2860 42,
1016 2812 1184 2862 28‚13).
1245 2812 1398 2851 Deinde
1446 2826 1480 2850 a.
1518 2812 1569 2850 39
1608 2825 1698 2850 cum
1732 2812 1823 2862 ipso
1859 2812 2098 2862 imperatore
2151 2799 2187 2868 ’ᾖ

331 2881 435 2921 Gaio
465 2881 594 2920 fasces
638 2894 727 2919 eum
771 2881 945 2931 gessisse
987 2881 1082 2919 fasti
1124 2882 1307 2919 Antiates
1355 2887 1394 2918 et
1436 2886 1524 2918 acta
1552 2880 1760 2918 Arvalium
1790 2878 2098 2918 docuerunt'ita
2138 2867 2170 2919 '3⁶3

329 2955 578 3001 comparata,
622 2954 666 2987 ut
707 2961 787 2987 non
815 2949 957 2987 iterum
1010 2955 1112 2996 tum,
1149 2949 1219 2987 sed
1254 2949 1425 2998 primum
1462 2961 1551 2986 eum
1587 2948 1788 2986 consulem
1824 2948 1970 2986 factum
2006 2960 2098 2987 esse

334 3019 568 3065 ostendant3
612 3017 719 3068 quod
761 3029 902 3055 moneo
947 3024 1109 3068 propter
1145 3030 1318 3056 errorem
1355 3031 1379 3055 a
1407 3016 1651 3067 Nipperdeio
1686 3016 1728 3053 in
1764 3015 2019 3055 adnotatione
2048 3015 2100 3054 ad
2148 3002 2177 3042 ''-

330 3087 515 3126 Tacitum
544 3099 633 3125 ann.
667 3087 703 3134 3,
726 3085 774 3124 21
816 3086 1085 3124 commissum.
1144 3086 1358 3124 Praeterea
1391 3085 1581 3123 memoria
1616 3085 1700 3122 eius
1736 3097 1817 3122 non
1845 3089 1974 3131 extat,
2016 3084 2097 3123 nisi
2209 3135 2211 3137 Ι

330 3155 437 3206 quod
483 3155 534 3193 ad
578 3168 667 3192 eum
714 3154 912 3205 pertinere
960 3155 1143 3193 videntur
1190 3166 1292 3204 quae
1331 3153 1485 3191 Plinius
1533 3153 1654 3191 tradit
1689 3152 1727 3190 h.
1758 3165 1796 3189 n.
1821 3153 1885 3199 11,
1912 3151 1977 3198 37,
1998 3150 2096 3190 213:

331 3222 382 3261 L.
418 3223 571 3274 Aproni
607 3224 817 3261 consularis
852 3225 929 3260 viri
956 3223 1041 3272 filio
1078 3224 1262 3260 detractos
1299 3222 1430 3271 adipes
1474 3222 1705 3271 levatumque
1750 3232 1886 3270 corpus
1921 3219 2099 3257 immobili
2157 3214 2177 3278 ‘f'

333 3304 453 3329 onere.
512 3291 634 3342 Apud
665 3291 831 3329 eundem
861 3303 960 3341 quae
989 3291 1241 3330 nominantur
1271 3302 1404 3328 cerasa
1425 3289 1654 3340 Aproniana
1683 3288 1740 3338 (h.
1761 3301 1799 3327 n.
1825 3287 1887 3336 15,
1909 3285 1975 3335 25,
1999 3285 2094 3337 102)

334 3360 438 3398 unde
467 3371 611 3399 nomen
641 3360 852 3408 traxerint,
884 3360 1102 3411 ignoratur.
2166 3344 2180 3354 ³
