2222 3594
349 222 411 268 36

348 1099 574 1139 CARDAst

348 1234 575 1274 CARFANVS

349 1918 562 1959 CAmAst

351 2260 612 2300 CAsmLAst

351 2464 594 2504 CATICANVS

352 2737 649 2777 CERELLIANVS

1133 231 1333 272 HUBNER

673 351 886 389 diversum.
937 349 1129 390 Similiter
1159 354 1276 391 etiam
1305 356 1337 392 it
1364 354 1553 392 suffixum
1584 366 1661 392 non
1691 355 1809 404 plane
1838 353 1951 392 deest
1973 353 2015 392 in
2035 353 2114 393 Ita—

672 420 784 467 licis,
825 426 868 458 ut
905 421 1049 459 docent
1085 421 1320 459 Amiternum
1361 422 1530 460 Uritinus
1564 422 1710 461 Lanita
1749 422 1900 473 (pagus
1930 422 2114 462 Nolanus

672 488 706 525 Ι.
735 487 787 525 N.
822 488 923 527 1983
957 506 1004 521 =
1036 489 1202 527 Henzen
1230 489 1378 539 5165),
1426 495 1463 528 et
1499 504 1549 527 ex
1579 489 1735 528 Graeco
1770 502 1846 528 usu
1886 489 2112 529 derivandis

673 555 741 604 (ut
776 556 1061 607 Anconitanus)
1103 558 1142 595 in
1187 557 1303 595 Italia
1344 563 1382 594 et
1419 558 1459 595 in
1502 558 1667 608 reliquis
1708 558 1945 608 provinciis,
1989 559 2114 597 veluti

671 624 711 661 in
749 623 953 662 Dalmatia
997 625 1211 663 Neditanus
1250 625 1548 664 Praevalitanus
1586 627 1823 664 Risinitanus
1861 622 2114 665 Salonitanus

673 690 1000 739 Scardonitanu33
1023 693 1332 744 comparandum
1353 700 1560 743 praeterea
1578 694 1830 732 *Tesuicanus
1850 706 1994 732 nomen
2010 694 2115 732 infra

670 760 967 799 recensendum.
1020 760 1153 799 Radix
1183 761 1353 799 nominis
1384 762 1491 811 quod
1520 768 1581 800 est
1609 762 1840 812 Calpetanus
1867 768 1976 800 extat
2000 775 2114 813 prae·
2167 764 2177 772 “
2215 762 2218 772 ’

672 833 801 876 terea,
838 829 907 867 sed
942 842 1033 867 raro
1071 834 1241 876 tantum,
1279 829 1430 868 scilicet
1464 831 1504 867 in
1546 830 1680 880 Calpio
1718 830 1881 881 (Calpia
1920 830 2116 877 Quartilla

671 895 823 935 Romae
853 911 887 935 a.
911 897 960 935 68
991 898 1024 935 Ι.
1047 896 1098 935 N.
1121 897 1246 947 6855)
1278 904 1317 935 et
1351 896 1582 947 Calpurnio;
1620 898 1755 948 itaque
1786 899 1904 936 etiam
1929 896 2113 948 Calpeta-

672 976 747 1002 nus
778 965 940 1015 originis
971 977 1059 1003 esse
1089 965 1255 1003 Italicae
1285 965 1433 1004 rectius
1463 966 1668 1016 putabitur
1688 980 1712 1004 a
1735 966 1868 1017 Calpet
1897 967 1958 1017 (ut
1975 966 2129 1017 Nepet)

671 1032 736 1070 vel
762 1032 923 1083 Calpeta
953 1032 1015 1082 (ut
1049 1033 1198 1083 Caieta)
1228 1033 1404 1072 fortasse
1433 1034 1700 1072 derivandum.

675 1100 859 1139 Cardana
889 1101 936 1138 P.
966 1103 1003 1150 f.
1034 1102 1202 1140 Procula
1235 1102 1274 1139 in
1311 1101 1460 1140 Piceno
1491 1101 1616 1140 Orell.
1646 1102 1696 1141 85
1727 1120 1775 1135 =
1806 1102 1972 1142 Henzen
1994 1102 2114 1150 7127,

785 1181 888 1207 uxor
917 1170 1084 1208 octoviri
1114 1169 1241 1207 Firmi
1271 1176 1310 1207 et
1339 1169 1371 1207 F
1375 1170 1563 1208 alerione.

673 1237 732 1274 M.
766 1237 958 1286 Carfanus
989 1237 1043 1275 M.
1066 1239 1103 1287 f.
1136 1237 1383 1287 Stel(latina)
1415 1238 1573 1276 decurio

678 1304 875 1354 Carsanus
912 1305 999 1355 (aut
1028 1305 1137 1354 -ius)
1168 1305 1336 1344 Achilles
1369 1303 1523 1344 Sentini
1552 1305 1717 1345 Henzen
1746 1306 1884 1345 6042b
1914 1306 1978 1357 (2,
2000 1307 2040 1357 5)
2074 1307 2116 1345 in
2208 1324 2212 1350 ς

783 1374 974 1411 laterculo
1006 1373 1201 1411 cultorum
1232 1373 1295 1410 dei
1322 1373 1505 1411 Mithrae.

678 1440 844 1491 Carsani
872 1442 1023 1480 Restute
1054 1441 1100 1490 [i.
1124 1454 1156 1478 e.
1187 1441 1385 1490 Restituti]
1426 1441 1558 1492 vigilis
1594 1454 1736 1480 nomen
1773 1443 1815 1480 in
1849 1442 1935 1482 basi
1963 1443 2117 1482 urbana

784 1509 921 1548 a.·205
952 1509 1146 1548 Marinius
1178 1509 1286 1559 (iser.
1311 1509 1399 1547 Alb.
1431 1522 1470 1559 p.
1493 1509 1586 1557 204,
1612 1512 1647 1557 1,
1672 1510 1769 1560 144)
1798 1516 1838 1548 et
1865 1510 2115 1551 Kellerman-

783 1590 858 1616 nus
888 1577 1000 1628 (Vig.
1030 1577 1072 1625 2,
1098 1578 1140 1624 4,
1163 1566 1235 1626 54)
1264 1578 1464 1627 legerunt,
1498 1578 1670 1628 Carpam’
1699 1577 1930 1617 Fabrettius
1960 1591 1998 1629 p.
2022 1579 2115 1626 613,

789 1646 965 1694 Carfami
1004 1645 1219 1684 Henzcnus
1257 1653 1296 1683 et
1333 1645 1583 1685 Bormannus
1622 1645 1667 1684 C.
1696 1647 1729 1684 Ι.
1757 1646 1804 1684 L.
1833 1646 1893 1685 VI
1923 1647 2047 1695 1056,
2068 1659 2114 1686 5³.

783 1715 888 1752 Puto
917 1714 1039 1752 fuisse
1071 1713 1286 1752 Carfanum
1318 1714 1381 1752 vel
1412 1713 1653 1752 Carfanium.
1729 1736 1732 1738 Δ

679 1782 839 1832 Carfam
877 1784 961 1820 sive
998 1782 1153 1832 Carfum
1191 1782 1328 1833 oppidi
1364 1795 1508 1820 nomen
1543 1782 1664 1821 fuisse
1699 1783 1985 1822 Mommsenius
2019 1783 2115 1821 olim

677 1851 900 1900 suspicatus
931 1859 992 1889 est
1020 1850 1068 1888 de
1098 1850 1191 1888 dial.
1223 1850 1272 1888 It.
1303 1850 1372 1888 inf.
1402 1864 1440 1901 p.
1465 1849 1556 1888 243.

675 1919 726 1957 L.
759 1919 947 1957 Curianus
970 1919 1020 1957 Ο.
1051 1918 1096 1967 (i.
1119 1932 1152 1957 e.
1182 1918 1370 1968 mulieris)
1403 1917 1593 1968 zober-cus)
1625 1917 1790 1957 Severus

675 1986 725 2025 L.
761 1987 950 2026 Carianus
975 1986 1023 2025 Ο.
1060 1988 1085 2024 l.
1116 1986 1290 2025 Zosimus
1325 1986 1478 2024 Romae
1506 1986 1547 2024 in
1575 1986 1710 2036 lapide
1742 1986 1868 2026 musei
1898 1985 2116 2037 Capitolini

789 2054 950 2094 Guaseo
980 2068 1017 2092 n.
1042 2054 1134 2102 633,
1164 2066 1283 2104 quem
1311 2054 1430 2092 etiam
1460 2054 1675 2093 Henzenus
1705 2054 1925 2105 descripsit.

677 2122 726 2162 L.
757 2122 946 2162 &arianus
976 2123 1130 2162 Cosmus
1161 2122 1311 2161 Romae
1340 2123 1551 2161 Reinesius
1574 2123 1667 2169 736,
1690 2122 1741 2160 52
1772 2136 1823 2162 ex
1851 2123 2023 2163 Piccarti
2053 2135 2117 2162 co-
2194 2143 2197 2146 ⁴

790 2191 887 2229 dice.
1342 2214 1348 2217 -

677 2260 735 2297 M.
773 2259 1005 2310 Caspilanus
1036 2260 1093 2298 M.
1115 2261 1152 2309 s.
1183 2259 1395 2298 Marcellus
1425 2258 1618 2298 Luceriae
1646 2259 1680 2297 Ι.
1702 2257 1754 2298 N.
1778 2259 1872 2298 974.

678 2326 957 2378 Comparanda
999 2326 1215 2377 Casp-eria
1253 2326 1491 2367 Sabinorum
1526 2328 1734 2384 oppidum,
1774 2328 1886 2366 cuius
1916 2325 2119 2378 Vergilius

676 2396 853 2434 meminit
881 2397 983 2434 Aen.
1005 2396 1025 2433 I
1047 2396 1146 2443 7143
1174 2401 1381 2446 praeterea
1409 2396 1556 2435 similia
1584 2408 1663 2434 non
1693 2395 1860 2446 reperio.

682 2465 726 2511 Q.
755 2465 932 2503 Caticanz'
959 2464 1070 2502 Bithi
1097 2462 1151 2502 ‘in
1180 2465 1297 2515 cippo
1327 2477 1377 2502 ex
1407 2463 1619 2502 Tiburtino
1648 2463 1780 2514 lapide
1810 2463 1915 2514 apud
1945 2462 2120 2502 Nomen·
2198 2456 2207 2522 ’,Ἰ

788 2529 887 2570 tum'
918 2532 1097 2570 Fabretti
1121 2532 1213 2580 613,
1239 2533 1329 2570 111.

678 2600 790 2639 Nihil
820 2600 985 2650 impedit
1013 2601 1225 2650 quominus
1252 2600 1456 2639 Caticanus
1486 2600 1774 2638 nominativum
1802 2612 1892 2638 esse
1911 2611 2120 2650 ponamus,

678 2682 758 2707 non
791 2669 1022 2715 Uaticanius,
1053 2676 1096 2706 ut
1122 2668 1349 2707 Fabrettius
1378 2668 1480 2706 fecit.

681 2737 728 2776 P.
765 2736 1001 2775 Cerellianus
1031 2736 1079 2774 P.
1117 2737 1141 2774 l.
1173 2735 1399 2786 Asyncritus
1434 2735 1667 2786 Augustalis
1697 2735 1821 2774 Uriae
1856 2736 1896 2773 in
1932 2734 2121 2774 Calabria
2203 2749 2205 2751 ·

788 2805 820 2843 Ι.
842 2805 894 2844 N.
918 2805 1011 2851 571,
1041 2804 1108 2842 ubi
1137 2804 1256 2842 etiam
1287 2809 1399 2854 pater
1428 2805 1514 2841 eius
1544 2803 1791 2853 cognominis
1821 2808 2074 2842 memoratur.

677 2873 852 2911 Phoebus
889 2872 1118 2911 Cerellianes
1147 2872 1303 2910 Procles
1334 2884 1461 2910 servos
1490 2871 1696 2910 Brundisii
1726 2870 1758 2909 Ι.
1780 2869 1832 2909 Ν.
1855 2870 1948 2909 524.

679 2942 788 2979 Inter
807 2941 1055 2980 Bruttiorum
1085 2940 1233 2991 oppida
1253 2938 1398 2978 Strabo
1420 2939 1457 2986 6,
1483 2941 1518 2986 1,
1539 2940 1563 2976 4
1595 2938 1775 2977 nominat
1793 2933 1999 2993 Κηρῖλλους
2026 2943 2121 2983 πλη-

679 3004 757 3047 σίον
777 3002 901 3056 Ario-5
934 3008 1039 3060 apud
1061 3007 1202 3047 Silium
1223 3009 1259 3056 8,
1282 3007 1361 3046 580
1401 3008 1575 3054 Cerillae,
1606 3007 1645 3044 in
1672 3007 1810 3045 tabula
1828 3006 2122 3056 Peutingerana
2194 3007 2198 3031 ³

684 3078 807 3116 Cereli
843 3078 1045 3124 dicuntur,
1082 3077 1199 3114 hodie
1233 3075 1378 3114 Cirella
1412 3076 1573 3114 vec-chia.
1633 3074 1748 3113 Unde
1783 3075 1923 3113 iam'a
1955 3074 2122 3112 Momm-

681 3159 777 3185 seno
815 3146 862 3183 de
898 3146 991 3183 dial.
1027 3145 1075 3183 It.
1106 3145 1175 3183 inf.
1211 3157 1250 3194 p.
1274 3143 1324 3182 72
1362 3142 1676 3182 Cerellianorum
1712 3154 1854 3181 nomen
1891 3138 1942 3179 ad
1969 3141 2122 3179 Messa·
2179 3136 2193 3185 J

679 3215 808 3265 picam
849 3214 1041 3265 originem
1076 3213 1262 3259 refertur3
1304 3226 1327 3250 a
1363 3211 1648 3251 Caerelliorum
1688 3214 1781 3248 nota
1816 3213 1934 3261 gente
1968 3208 2123 3246 videtur

680 3283 883 3321 diversum
915 3294 1016 3320 esse.

738 3349 800 3388 Cf.
831 3350 936 3388 infra
967 3349 1208 3388 Gerellanus.
