2222 3594
295 164 324 210 8
1085 176 1273 210 KAIBEL

283 290 333 330 'et
361 284 624 343 Διννομοέχ[ω]
654 292 818 337 formae,
848 304 949 342 quae
979 293 1105 331 altera
1133 295 1251 332 etiam
1281 294 1371 345 ipsa
1399 295 1547 333 erroris
1574 295 1726 332 ratione
1747 292 2063 341 commendatur;

294 360 451 399 facilius
481 361 585 397 enim
615 373 666 397 ex
695 372 774 397 uno
806 359 870 410 (Ω)
902 372 1019 410 quam
1050 375 1101 400 ex
1130 362 1284 401 duabus
1314 363 1456 401 litteris
1486 363 1578 413 (οΥ)
1610 362 1713 400 male
1741 361 1853 399 lectis
1884 360 2064 398 foliolum

297 429 403 478 quod
432 428 600 466 traditur
630 427 725 465 oriri
753 428 894 478 potuit.
940 425 1014 466 ἀπὸ
1045 442 1138 467 vero
1162 431 1497 481 praepositionem
1519 431 1706 469 intactam
1726 428 1890 478 reliqui3
1921 428 2067 479 legitur

296 496 434 534 eadem
468 497 510 534 in
543 496 658 533 titulo
689 501 861 534 ceterum
892 497 1041 535 aeolice
1069 499 1216 548 scripto
1240 497 1292 540 VC.
1314 499 1344 536 Ι.
1369 498 1495 536 2172:
1535 494 1609 535 ἆπό
1641 497 1863 550 Κεγχρεᾶν.
1893 519 1943 524 —-
1982 495 2065 535 Sub

295 565 414 603 finem
442 565 564 602 verba
594 557 748 614 ἀμμέων
769 586 819 591 -
842 558 1019 619 πρύτανιν
1048 566 1165 604 unius
1196 578 1336 604 versus
1369 568 1499 617 spatio
1525 567 1696 604 coercita
1715 565 1887 603 fortasse
1907 564 1946 601 in
1966 563 2066 602 duos

297 632 578 683 dispescenda:
611 625 758 677 ἀμμέων
786 627 854 669 τᾶν
887 633 892 683 Ι
926 629 975 669 δι’
1007 632 1140 673 αἰῶνος
1167 628 1356 689 πρύτανιν.

407 699 471 739 De
505 700 621 739 tertio
650 700 715 738 vel
751 700 851 738 adeo
887 706 1029 750 quarto
1059 701 1264 740 Publiciae
1303 703 1461 741 nomine
1497 715 1576 740 non
1611 706 1719 740 certa
1747 713 1811 739 res
1842 706 1915 740 est.
1973 700 2067 739 Non

298 769 518 807 dubitarem
539 763 803 819 Νεικομαχίδα
831 782 904 819 pro
924 782 1020 808 vera
1047 770 1205 817 habere,
1235 771 1351 808 modo
1382 771 1521 809 scirem
1553 770 1648 820 quid
1676 770 1869 820 proximis
1898 769 2069 808 facerem

299 849 444 876 BATAN.
502 837 577 875 Est
614 836 773 887 quidem
812 830 943 875 Βάτων
981 845 1095 877 vetus
1128 851 1291 887 nomen,
1332 839 1437 877 unde
1472 845 1511 877 et
1540 831 1661 876 Βεέτος
1696 842 1735 875 et
1763 831 1865 884 Βάτη
1903 838 2070 888 cogitari

298 906 439 957 possit.
483 905 589 944 Fore
614 905 806 956 suspicor,
836 906 905 956 qui
929 909 1145 944 ΝΕΙΚΟΜΑ
1167 907 1207 944 in
1231 910 1478 944 ΝΕΙΚΟΛΑΝ
1511 906 1578 956 (cf.
1599 906 1762 945 Lobeck
1781 905 1896 956 proll.
1916 906 2070 956 pathol.

299 986 338 1024 p.
363 973 441 1012 130
471 978 511 1012 et
538 972 636 1012 Keil
666 973 769 1012 anal.
801 974 924 1025 epigr.
955 987 994 1025 p.
1019 974 1115 1024 161)
1152 975 1296 1013 mutari
1326 975 1471 1022 velint,
1507 975 1548 1013 in
1578 974 1742 1025 reliquis
1772 979 1902 1013 autem
1933 986 2070 1025 super-

298 1042 465 1081 lativum
495 1041 668 1091 aliquem
697 1043 821 1080 latere
852 1047 1054 1090 censeant,
1084 1043 1193 1081 velut
1220 1036 1476 1080 κλεινοτιέταν.
1521 1043 1663 1081 Matris
1691 1055 1834 1081 nomen
1853 1054 1933 1080 non
1952 1042 2070 1081 nimis

264 1144 266 1147 ,
300 1110 440 1149 audaci
471 1110 716 1148 correctione
745 1103 899 1163 Πρόκλα
926 1110 1021 1157 feci;
1050 1111 1184 1162 possis
1214 1111 1331 1149 etiam
1352 1103 1609 1162 Παέ[λ]λ[α]ς
1639 1111 1716 1158 vel,
1748 1111 1783 1149 si
1811 1122 1836 1148 ι(
1863 1110 1905 1148 in
1935 1123 1958 1148 Y
1986 1124 2071 1149 mu-

301 1184 386 1216 tare
415 1178 575 1225 audeas,
604 1171 869 1228 Παο[υ’]λ[α]ς.
920 1180 1140 1216 Παουλλῒνοι
1167 1179 1209 1217 in
1240 1178 1284 1217 C.
1306 1179 1339 1217 I.
1363 1179 1470 1218 6665
1501 1186 1574 1218 est.
1625 1178 1685 1218 Cf.
1715 1179 2002 1230 Dittenberger
2029 1179 2071 1217 in

301 1247 475 1286 Hermae
503 1246 583 1284 vol.
599 1245 661 1284 VI
689 1246 781 1284 307.

411 1315 578 1353 Praeter
614 1320 795 1352 senatum
835 1315 995 1365 saepius
1023 1320 1213 1366 prytanes
1243 1315 1347 1365 apud
1376 1316 1640 1366 Mytilenaeos
1669 1321 1948 1354 memorantur.
2008 1314 2070 1354 Cf.

303 1383 490 1435 Sapphus
526 1383 574 1421 fr.
601 1382 736 1421 139B.
796 1382 905 1431 Quot
939 1383 1105 1431 fuerint,
1145 1384 1387 1434 ignoramus.
1446 1383 1653 1422 Publiciae
1689 1397 1760 1434 per
1796 1389 1919 1422 totam
1949 1383 2070 1421 vitam

301 1452 367 1491 hic
395 1453 523 1491 honor
552 1451 751 1499 tribuitur,
782 1451 881 1489 alius
912 1451 1001 1501 quis
1033 1450 1096 1501 (C.
1119 1452 1153 1490 I.
1176 1451 1300 1502 2189)
1330 1448 1399 1489 τοὲν
1427 1445 1618 1497 ἐπώνυμον
1647 1448 1727 1489 ἀπ’.)
1757 1445 1953 1495 ,Βασιλέων
1980 1465 2072 1506 πρυ-

302 1515 456 1566 τανηῖαν
486 1520 658 1571 gerebat.

415 1587 604 1627 Ceterum
638 1600 689 1626 ex
724 1582 955 1625 Πουπλικιάν
993 1589 1190 1639 scriptura
1225 1589 1330 1639 quod
1366 1589 1527 1639 aliquod
1565 1588 1708 1627 aetatis
1744 1588 1850 1626 tituli
1883 1588 2074 1626 indicium

306 1657 447 1696 ducere
484 1668 722 1708 possumus,
758 1655 1053 1707 Dittenbergeri
1093 1670 1215 1707 opera
1250 1657 1399 1695 factum
1436 1663 1515 1704 est,
1542 1658 1623 1707 vqui
1652 1657 1677 1695 l.
1709 1669 1740 1694 s.
1771 1669 1801 1695 s.
1831 1669 1870 1706 p.
1894 1655 1972 1694 287
1985 1667 2072 1706 sqq.

306 1725 357 1763 ad
394 1725 553 1763 tertium
590 1737 718 1775 usque
755 1737 793 1774 p.
826 1723 919 1763 Chr.
957 1737 995 1762 n.
1033 1725 1233 1763 saeculum
1270 1718 1435 1764 Πόπλιος
1469 1737 1614 1763 nomen
1643 1724 1813 1774 indeque
1843 1737 1943 1775 quae
1972 1724 2075 1762 deri-

306 1798 463 1841 vantur,
498 1805 578 1831 non
615 1807 656 1830 ου
687 1792 954 1844 diphthongo,
993 1794 1063 1831 sed
1100 1793 1268 1844 simplici
1306 1809 1322 1830 ο
1354 1793 1485 1832 vocali
1522 1794 1670 1843 scripta
1704 1793 1979 1844 praevaluisse
2008 1792 2073 1831 de-

306 1861 557 1901 monstravit.

306 2069 360 2107 II.
408 2068 541 2106 Priori
569 2067 684 2105 titulo
714 2067 769 2105 ita
798 2067 1062 2114 continuatur,
1092 2072 1135 2104 ut
1164 2067 1340 2106 eiusdem
1370 2067 1569 2118 particula
1597 2067 1756 2105 habitus
1788 2079 1876 2106 esse
1894 2066 2076 2105 videatur

363 2149 436 2175 nec
465 2149 569 2175 novo
598 2136 783 2174 lemmate
812 2135 1028 2173 adornatus
1059 2135 1122 2173 sit.

1166 2276 1184 2286 ω

826 2271 907 2312 Τοὶν
936 2276 1101 2325 γυναῖκα
1130 2291 1180 2313 τω
1212 2270 1408 2318 Σεβάστου
1439 2269 1493 2313 νὲ-

827 2360 871 2381 αν
901 2337 1001 2380 θέαν
1032 2339 1090 2393 [οἱ]
1120 2337 1253 2385 βόλλοι
1281 2337 1346 2381 καὶ
1377 2341 1395 2381 ὅ
1427 2340 1547 2389 δᾶμος

827 2405 1043 2454 Σεβάσταν
1073 2406 1367 2466 γυμνασίαρχον

829 2476 879 2517 δι’
910 2479 1041 2518 αἷιῖνος
1068 2475 1227 2517 Ἰουλίαν
1254 2474 1504 2536 Ἀγριππῖναν

310 2626 360 2664 V.
379 2624 402 2662 2
425 2623 589 2662 articulo
609 2623 760 2660 inserto
780 2633 881 2673 opus
903 2626 972 2659 est.
989 2643 1042 2649 —
1069 2620 1244 2660 Similem
1267 2622 1475 2659 verborum
1497 2622 1672 2660 ordinem
1693 2622 1816 2659 habes
1839 2620 1884 2660 G.
1900 2622 1931 2660 Ι.
1950 2621 2076 2660 5904:

310 2690 375 2740 τήν
405 2686 463 2730 ἐπὶ
492 2685 598 2742 πάσῃ
629 2689 742 2745 ἀρετῇ
770 2683 1006 2744 σωφροΙσ-ύνῃ
1037 2705 1077 2726 τε
1105 2682 1168 2726 καὶ
1198 2685 1317 2740 σοφίᾳ
1349 2684 1640 2745 διαπρέπουΙσ-οιν
1667 2684 1826 2727 Ἰουλίαν
1855 2682 2078 2726 Beira-:Mau

314 2760 439 2810 (quod
468 2772 613 2799 nomen
642 2764 787 2798 temere
817 2759 980 2809 corrigit
999 2757 1148 2807 Franz)
1179 2753 1305 2804 βουλὴ
1330 2759 1335 2808 Ι
1358 2751 1420 2794 καὶ
1452 2754 1567 2804 δῆμος
1596 2758 1662 2804 τῆς
1689 2758 1868 2811 λαμπρᾶς
1888 2750 2077 2808 [πέλεᾞως

314 2829 595 2884 Ταυρομενιτῶν
624 2821 872 2880 &uffo-rufini!
901 2822 966 2873 τῆν
995 2819 1272 2880 λαμπροτάτην.

424 2896 529 2934 Iulia
559 2896 782 2948 Agrippina
818 2917 868 2922 —
910 2894 968 2932 sic
997 2893 1222 2932 nominatur
1251 2893 1347 2931 Tac.
1377 2894 1482 2931 Ann.
1508 2893 1591 2931 ΧΠ
1615 2895 1633 2931 1
1667 2915 1721 2922 -
1750 2906 1854 2931 anno
1883 2899 1978 2943 post
2003 2893 2078 2932 ini-

313 2973 395 3003 tum
434 2978 520 3002 cum
559 2966 797 3014 imperatore
836 2962 1003 3002 Claudio
1039 2962 1332 3000 matrimonium
1365 2962 1575 3012 Augustae
1610 2974 1752 3000 nomen
1788 2962 1942 3012 accepit
1976 2968 2078 3000 teste

315 3033 455 3071 Tacito
485 3033 590 3071 Ann.
621 3033 708 3071 XII
730 3031 803 3079 26,
842 3036 1082 3082 quapropter
1112 3043 1146 3068 a.
1169 3029 1220 3067 49
1251 3042 1332 3068 non
1361 3030 1565 3080 antiquior
1591 3036 1654 3068 est
1681 3030 1832 3068 titulus.
1890 3022 1964 3086 Ne'a
1994 3023 2079 3068 Sed

315 3102 421 3151 quod
451 3101 683 3151 appellatur,
714 3101 805 3138 hinc
833 3099 882 3138 de
909 3099 1005 3138 certi
1033 3098 1236 3137 cuiusdam
1267 3098 1441 3136 numinis
1470 3098 1660 3148 religione
1683 3098 1857 3148 cogitare
1877 3102 2076 3144 vetamur3

316 3181 555 3218 quamquam
586 3182 686 3215 cum,
716 3175 758 3206 ut
788 3174 912 3206 mater
942 3166 1048 3217 apud
1069 3167 1332 3216 Mytilenaeos
1355 3164 1511 3204 Cereris
1540 3167 1699 3204 nomine
1719 3166 1933 3212 colebatur,
1963 3166 2019 3203 ita
2038 3171 2078 3203 et
2113 3156 2117 3160 ⁴

315 3237 404 3285 ipsa
443 3236 525 3273 filia
562 3236 602 3273 in
640 3237 909 3286 compluribus
949 3242 988 3273 et
1022 3247 1207 3273 romanae
1247 3241 1285 3272 et
1322 3240 1509 3272 externae
1547 3234 1710 3285 originis
1747 3233 1918 3272 nummis
1957 3238 2076 3282 caput

317 3304 436 3353 spicis
463 3290 687 3341 obvelatum
708 3305 853 3342 habeat
883 3303 952 3353 (cf.
974 3303 1127 3342 Eekhel
1148 3302 1207 3341 VI
1229 3302 1321 3342 257.
1345 3301 1456 3353 259),
1487 3303 1590 3341 haud
1612 3303 1804 3341 absonum
1824 3305 1928 3339 esset
1946 3299 2076 3350 suspi-
