2222 3594
1793 168 1890 216 277

80 575 251 623 {qnotate
268 570 525 620 imperatoria
546 575 752 617 statutum,
783 577 824 608 ut
853 570 971 608 etiam
1001 570 1043 607 in
1072 574 1235 607 senatus
1265 569 1461 608 consultis
1481 571 1780 610 conscribendis
1802 584 1890 622 sep-

67 632 201 682 ‘'s-*item
229 643 352 678 testes
381 638 589 685 adessent,
618 650 696 676 non
726 637 915 684 diiudic0;
959 637 1175 676 notandum
1206 642 1338 676 autem
1368 638 1524 676 videtur
1553 651 1640 677 esse
1669 646 1889 678 curatorem

66 692 117 739 “f'‘
110 714 299 753 actorum
325 713 486 745 senatus
515 707 618 745 inter
646 718 715 744 eos
744 707 811 756 qui
841 706 1052 744 scribendo
1082 705 1280 743 adfuerint
1308 707 1475 757 reperiri
1504 707 1679 754 nullum3
1724 715 1891 758 apparet

43 762 91 830 ἑ
115 768 255 827 igitur,
282 774 324 813 id
341 775 447 842 quod
467 774 585 812 etiam
606 775 696 812 aliis
726 774 774 812 de
803 774 935 812 causis
965 774 1180 812 verisimile
1209 780 1283 821 est,
1322 774 1363 813 in
1393 775 1662 824 concipiendis
1692 777 1888 815 consultis

35 834 283 898 Junenatus
315 855 406 881 eum
436 848 634 881 versatum
670 854 750 880 non
784 854 875 880 esse
910 843 981 880 sed
1011 855 1059 880 ea
1087 842 1165 879 iam
1195 843 1423 893 conscripta
1452 844 1655 894 accepisse
1684 849 1804 894 atque
1832 846 1888 883 ita

23 915 121 960 5⁴1.
115 911 160 955 in
178 917 268 950 acta
286 911 504 958 rettulisse,
533 911 677 960 quibus
699 918 855 961 praeter
874 911 965 960 ipsa
984 910 1142 948 decreta
1170 910 1289 948 etiam
1320 912 1540 949 sententiae
1561 924 1586 949 a
1605 912 1786 962 patribus
1807 913 1888 951 dic-

27 967 195 1028 afflue,
229 979 384 1018 litterae
412 979 464 1017 ad
493 985 674 1017 senatum
704 979 874 1028 scriptae
901 978 1059 1029 aliaque
1089 978 1403 1017 continebantur.
1461 979 1527 1017 Ex
1555 981 1806 1019 senatoribus
1836 982 1886 1019 iis

14 1050 23 1061 ’”
97 1038 170 1087 ¹de
196 1058 365 1098 quorum
395 1050 478 1085 toto
507 1047 665 1085 nomine
693 1052 848 1085 constat
876 1047 954 1084 duo
983 1046 1066 1085 noti
1098 1055 1204 1085 sunt:

122 1109 131 1114 “
229 1114 271 1155 C.
309 1114 456 1165 oppius
490 1113 533 1153 G.
553 1116 590 1164 s.
631 1115 708 1153 Vel.
740 1110 902 1153 Seuer-tis
931 1115 972 1152 in
1000 1115 1257 1164 inscriptione
1287 1115 1455 1154 Auximi
1484 1115 1690 1167 reperta2)
1722 1123 1887 1157 vocatur

120 1183 165 1223 G.
203 1183 350 1235 Oppius
383 1183 424 1222 C.
448 1184 485 1232 s.
525 1182 604 1221 Vel.
635 1182 802 1222 Sabinus
831 1183 956 1221 Iulius
987 1183 1117 1233 Nepos
1151 1184 1207 1221 M.
1252 1183 1380 1222 Vibius
1409 1184 1597 1223 Solemnis
1626 1185 1807 1233 Severa-33
1845 1187 1886 1225 in

116 1251 254 1291 eodem
274 1251 387 1290 titulo
408 1251 499 1290 vivo
519 1250 726 1289 Hadriano
755 1251 882 1289 inciso
910 1251 1141 1290 consulatus
1170 1252 1255 1290 eius
1287 1253 1434 1290 mentio
1464 1254 1520 1300 fit,
1554 1258 1596 1291 ut
1625 1266 1714 1292 eum
1744 1267 1781 1293 a.
1807 1255 1883 1294 138

0 1305 26 1370 253
48 1314 53 1317 “
116 1320 369 1359 consularem
396 1313 531 1358 fuiss&
550 1324 714 1357 constet.

0 1370 8 1390 '⁸
227 1387 273 1426 P.
308 1386 467 1426 Gauius
493 1386 544 1425 L.
568 1389 605 1436 s.
626 1387 733 1426 Aem.
757 1387 901 1425 Dexter
929 1388 1015 1425 sine
1044 1388 1171 1438 patris
1200 1388 1359 1427 nomine
1389 1388 1572 1439 tribuque
1600 1402 1884 1430 commemora-

117 1462 182 1495 tur
209 1457 250 1495 in
270 1455 385 1495 titulo
401 1454 604 1495 Canusino
617 1455 658 1505 ³)
689 1456 806 1500 uxori
835 1456 920 1494 eius
942 1456 1098 1494 Anniae
1117 1456 1287 1495 Rufinae
1316 1457 1511 1504 dedicato,
1542 1458 1644 1497 unde
1673 1472 1762 1498 eum
1793 1471 1883 1512 sep-

116 1523 328 1563 temvirum
354 1523 567 1574 epulonum
597 1522 723 1562 fuisse
751 1523 955 1570 discimus,
983 1524 1166 1574 idemque
1195 1531 1256 1563 est
1285 1523 1453 1563 Cassius
1475 1525 1629 1564 Dexter
1657 1533 1697 1565 et
1717 1526 1883 1567 Cassius

67 1630 69 1632 ,
113 1591 326 1644 proconsul
355 1591 406 1630 ad
433 1603 550 1642 quem
579 1592 741 1641 saepius
770 1592 975 1642 rescripsit
1003 1592 1225 1643 Imperator
1252 1593 1480 1632 Antoninus
1509 1592 1670 1645 Pius.⁴)

4 1701 19 1717 .;
224 1659 271 1698 Ρ.
300 1659 450 1699 Nonius
478 1659 533 1697 M.
556 1661 593 1708 s.
624 1659 821 1699 Macrinus
851 1661 1009 1710 ignotus
1040 1667 1119 1699 est:
1164 1661 1290 1699 tribus
1320 1661 1479 1700 videtur
1516 1674 1606 1701 esse
1637 1662 1881 1714 Ouffentina)

0 1736 34 1756 ’τ
95 1732 157 1771 ‚nt
182 1727 263 1767 iam
290 1727 333 1766 in
360 1726 585 1766 Nouiorum
611 1733 727 1778 gente
757 1741 807 1766 ex
839 1727 975 1767 Gallia
1002 1728 1199 1779 cisalpina
1233 1734 1277 1767 ut
1305 1729 1461 1768 videtur
1488 1730 1659 1769 oriunda
1677 1731 1883 1771 Veronen-

0 1764 31 1907 ἑ
76 1834 82 1841 e,
110 1794 215 1836 sium
243 1794 605 1846 Brixianorumque
634 1796 752 1834 tribui
766 1796 804 1846 ⁵)
844 1796 962 1835 tertia
990 1797 1152 1835 accedat
1181 1795 1437 1836 comensium
1458 1798 1879 1861 Mediolanensiumve.

114 1860 235 1904 Certa
261 1864 403 1915 opinor
430 1864 656 1902 coniectura
684 1866 822 1914 quinto
852 1865 940 1903 loco
969 1866 1127 1903 restitui
1156 1878 1299 1903 nomen

223 2134 290 2175 De
318 2136 369 2175 iis
398 2136 466 2186 qui
494 2142 647 2175 restant
675 2137 802 2176 tribus

225 2203 273 2250 Q.
304 2203 461 2242 Salonio
491 2203 546 2254 (P)
588 2204 632 2251 Q.
654 2206 691 2253 s.
728 2205 814 2252 Qui.
845 2205 927 2255 (vel
963 2205 1072 2256 Ous.)
1102 2205 1238 2256 Lonqo
1268 2206 1324 2256 (Ρ)

224 2298 1074 2312 ...........................
1102 2275 1289 2321 Quarti-no

227 2337 272 2376 C.
303 2339 365 2377 R.
396 2341 599 2378 ....vel
631 2340 670 2379 G.
703 2341 867 2379 Fl....

111 2417 191 2444 non
220 2405 347 2444 habeo
376 2407 484 2456 quod
504 2407 645 2454 dicam,
676 2421 804 2458 neque
834 2409 883 2446 de
911 2409 1067 2447 Lucilio
1086 2410 1285 2460 Africano,
1316 2415 1559 2463 quamquam
1589 2415 1780 2452 senatorii
1811 2428 1873 2452 or·

107 2473 212 2513 dinis
234 2474 333 2520 viro,
361 2481 527 2524 genteve
556 2475 643 2513 eius
673 2488 777 2526 quae
806 2477 1015 2515 latifundia
1043 2478 1084 2516 in
1113 2479 1319 2528 provincia
1341 2480 1479 2519 Africa
1507 2482 1737 2532 possedisse
1767 2484 1873 2522 vide-

109 2547 186 2590 tur,
214 2543 426 2592 quicquam
454 2544 627 2594 reperire
654 2545 780 2594 potui.

222 2607 454 2661 Signatores
490 2616 530 2649 et
571 2611 619 2658 ii,
655 2612 722 2661 qui
751 2613 904 2650 scribae
934 2613 1135 2661 dicuntur,
1174 2620 1213 2652 et
1241 2616 1384 2666 reliqui
1416 2617 1537 2656 simul
1563 2619 1755 2657 nominati
1785 2633 1872 2658 cum

110 2675 284 2735 libertini
314 2677 406 2724 sint,
435 2678 580 2717 absunt
609 2686 765 2729 patrum
794 2681 955 2718 nomina
984 2681 1203 2731 tribusque.

212 2913 244 2952 ¹)
279 2914 474 2947 Mommsen
498 2915 643 2947 Hermes
670 2916 690 2948 3
717 2927 750 2958 p.
780 2916 836 2948 76.

211 2972 245 3013 2)
283 2974 410 3007 Gruter
435 2975 519 3015 446,
546 2977 580 3008 4.

209 3033 242 3074 3)
278 3035 386 3067 Inscr.
414 3036 524 3077 Neap.
552 3036 635 3069 645.

208 3094 242 3135 ⁴)
277 3096 355 3138 Ulp.
381 3096 463 3138 Dig.
490 3097 547 3137 36,
578 3099 610 3136 1,
641 3098 683 3130 16
709 3097 728 3139 ξ
756 3098 818 3140 17;
846 3100 904 3139 40,
934 3099 967 3139 5,
996 3100 1042 3132 30
1068 3099 1086 3140 ξ
1113 3101 1147 3132 6.
1198 3101 1346 3134 Callistr.
1371 3102 1453 3145 Dig.
1480 3103 1538 3142 42,
1568 3105 1600 3143 1,
1629 3105 1687 3137 31.

209 3155 240 3195 ⁵)
279 3156 383 3198 Corp.
410 3157 442 3189 V
467 3167 500 3198 p.
529 3157 610 3190 339.

209 3215 241 3257 ⁶)
277 3217 318 3250 ef.
345 3217 540 3251 Mommsen
565 3219 643 3251 [nd.
669 3219 759 3252 Plin.
786 3221 840 3253 ed.
867 3222 946 3254 Keil
971 3232 1004 3263 p.
1032 3220 1114 3253 409.

0 3410 27 3510 ngr-ruffi<
0 3317 15 3384 ...χοι
0 3266 13 3276 ’,
0 3172 13 3212 ςΗ
11 3140 14 3143 ,

0 1909 58 2119 ἓ-
132 1936 149 1976 s
223 1930 540 1982 [Se-v.Eru]c212]
562 1932 665 1981 Ms.
689 1932 799 1979 Quir.
826 1933 938 1972 Clari
965 1933 1141 1972 consulis
1171 1934 1313 1972 iterum
1343 1947 1378 1972 a.
1413 1935 1504 1983 146,
1535 1936 1598 1973 cui
1619 1937 1767 1987 optime
1788 1950 1879 1976 con·
1923 1994 1926 1995 ⁷

17 1992 53 2049 ἑ,
110 2001 277 2039 veniunt
309 2000 461 2038 incerta
498 2012 601 2050 quae
637 2000 765 2039 adhuc
795 2001 978 2040 visuntur
1012 2001 1234 2040 litterarum
1263 2003 1450 2054 vestigia:
1494 2004 1614 2042 homo
1642 2005 1731 2056 ipse
1759 2013 1895 2045 notus-

112 2067 235 2119 εσυ)
