2222 3594
331 195 394 241 42

1114 200 1313 240 HfJBNER

329 322 618 361 NOMENTAst
655 322 911 360 Nomentanus
943 322 1085 372 aliquis
1114 323 1284 374 primum
1313 324 1536 362 nominatur
1565 323 1626 361 bis
1656 323 1696 361 in
1727 322 1851 361 altero
1881 322 2090 360 satirarum

329 1964 560 2003 NonssAnvs

764 390 1060 429 Lucilianarum
1090 391 1190 430 libro
1221 390 1282 440 <II
1304 391 1327 429 6
1349 397 1387 429 et
1408 391 1431 428 8
1461 391 1606 441 Miill.).

653 458 928 498 Nomentanus
956 458 1115 498 Horatii
1144 461 1193 498 ab
1223 460 1297 503 hoc
1326 460 1507 498 diversus
1536 459 1583 497 L.
1616 457 1784 497 Cassius
1813 457 2089 496 Nomentanus

654 527 930 578 appellabatur
959 528 1173 566 secundum
1204 528 1355 566 scholia
1384 527 1435 565 ad
1465 533 1537 565 sat.
1563 528 1598 574 1,
1623 527 1659 573 1,
1685 527 1757 564 101
1791 532 1830 564 et
1860 526 1898 573 8,
1923 526 1985 563 11.
2042 525 2091 564 In

656 596 808 634 scholio
844 596 894 633 ad
924 595 968 643 2,
999 598 1038 642 1,
1067 595 1118 633 22
1147 595 1293 634 Lucilii
1322 604 1466 634 nomen
1496 595 1725 633 mutandum
1759 595 1801 632 in
1831 593 1989 632 Horatii
2029 592 2092 643 (ut

595 687 597 689 ·
655 665 796 702 docent
824 665 944 702 verba
971 667 1010 701 in
1035 666 1168 714 priore
1199 664 1311 713 libro)
1342 669 1409 701 aut
1437 663 1646 701 delendum
1676 663 1835 701 omnino
1865 675 1954 700 cum
1974 659 2020 700 C.
2042 661 2089 700 F.

653 732 884 771 Hermanno
918 733 959 771 in
994 733 1143 770 nuntiis
1174 731 1353 782 Gotting.
1392 745 1427 769 a.
1454 732 1556 770 1843
1590 745 1628 782 p.
1651 731 1730 770 379
1767 737 1806 769 et
1833 729 2090 768 Lachmanno

653 802 693 839 in
738 801 939 851 prooemio
978 814 1012 839 a.
1052 800 1169 839 1849.
1241 800 1418 838 Eundem
1456 799 1768 846 Nomentanum,
1806 798 1918 836 cuius
1951 810 2092 836 cocum

655 868 867 908 Sallustius
895 870 1105 908 historicus
1135 874 1296 915 emerat,
1329 867 1480 907 Seneca
1509 868 1557 906 de
1587 868 1670 906 vita
1697 869 1814 905 beata
1836 867 1883 904 11
1915 878 1994 904 una
2021 878 2092 903 no-

654 937 778 975 minat
807 950 893 975 cum
924 937 1080 988 Apicio,
1111 936 1262 974 scilicet
1291 937 1344 974 M.
1369 935 1498 974 Gavio
1518 936 1662 986 Apicio
1683 935 1854 985 Augusti
1883 940 1922 973 et
1941 933 2093 972 Tiberii
2137 936 2139 939 ’
2163 915 2193 948 '⁴'-

655 1006 811 1055 aequali
848 1005 997 1055 (nostra
1025 1007 1201 1043 memoria
1231 1003 1381 1044 Seneca
1411 1005 1461 1041 ad
1490 1004 1676 1042 Helviam
1707 1005 1787 1054 10).
1844 1002 1999 1040 Monuit
2029 1015 2092 1040 me

653 1074 701 1112 de
735 1075 797 1112 his
826 1073 1037 1124 Hauptius.
1094 1074 1235 1122 Itaque
1268 1073 1344 1110 hoc
1374 1078 1520 1110 certum
1551 1077 1612 1110 est
1640 1071 1888 1122 cognominis
1918 1069 2092 1109 Nomen-

655 1143 736 1180 tani
775 1143 1000 1191 exemplum
1039 1142 1215 1191 alioquin
1250 1141 1349 1187 rari3
1388 1141 1466 1178 nisi
1502 1141 1602 1178 forte
1637 1141 1677 1178 in
1716 1140 1874 1178 homine
1911 1139 1982 1176 illo
2018 1151 2091 1189 pro

653 1223 748 1249 vera
783 1211 934 1260 patriae
970 1210 1209 1247 indicatione
1247 1209 1481 1247 habendum.
1545 1208 1650 1247 Nam
1688 1208 1790 1246 inter
1825 1220 1904 1245 non
1941 1206 2098 1257 paucos

655 1278 822 1317 Cassiae
858 1279 987 1328 gentis
1023 1278 1201 1328 plebeiae
1236 1278 1416 1315 homines
1449 1277 1539 1315 inde
1570 1289 1593 1314 a
1621 1276 1781 1314 saeculo
1809 1276 1894 1314 fere
1922 1275 2092 1326 septimo

654 1347 760 1397 apud
798 1347 1010 1397 scriptores
1047 1346 1271 1383 nominatos
1308 1358 1423 1384 nemo
1459 1351 1664 1394 praeterea
1700 1356 1746 1382 eo
1786 1355 1885 1383 usus
1914 1348 1988 1382 est.
2046 1343 2093 1380 In
2139 1381 2142 1385 ,
2182 1340 2186 1346 ’

655 1415 818 1453 denario
847 1415 1007 1465 quidem
1035 1413 1084 1451 L.
1116 1414 1231 1451 Atilii
1262 1412 1379 1462 (0.1.
1402 1412 1451 1450 L.
1477 1413 1498 1450 Ι
1527 1412 1628 1459 32ος
1660 1426 1694 1450 v.
1725 1412 2014 1450 Mommsenum
2043 1410 2093 1448 de
2159 1402 2186 1417 ⁷⁴

654 1497 696 1521 re
726 1484 948 1521 nummaria
976 1483 1244 1520 Romanorum
1276 1495 1312 1520 n.
1338 1481 1434 1531 116)
1464 1481 1589 1518 Nom.
1609 1510 1617 1518 .
1636 1509 1644 1518 .
1675 1492 1895 1531 cognomen
1923 1483 2004 1517 tam
2033 1483 2094 1516 est

655 1552 873 1602 singulare,
910 1558 952 1589 ut
986 1552 1034 1589 de
1063 1551 1229 1588 lectione
1258 1551 1342 1588 iure
1372 1549 1551 1587 dubitent
1579 1549 1709 1598 periti.
1767 1548 1863 1585 Alia
1889 1545 2095 1585 non‘novi

653 1621 839 1670 exempla
867 1620 1070 1669 aliquanto
1099 1619 1288 1665 illustria3
1320 1618 1412 1656 novi
1441 1618 1506 1656 Cn.
1538 1617 1738 1666 Vir[ei]um
1767 1616 1940 1666 aliquem
1967 1615 2035 1654 Cn.
2053 1616 2091 1664 s.

652 1689 929 1727 Nomentanum
956 1689 996 1725 in
1025 1699 1127 1738 pago
1156 1686 1399 1724 Phuensium
1429 1686 1587 1723 Africae
1617 1698 1668 1723 ex
1689 1684 1874 1740 Renierio
1901 1686 2017 1722 inser.
2049 1685 2094 1721 de

655 1758 775 1806 l'Alq.
806 1756 925 1794 2448.

710 1824 951 1863 Nomentani
970 1823 1168 1862 Luciliani
1197 1835 1340 1860 nomen
1370 1822 1577 1873 quominus
1604 1820 1846 1873 gentilicium
1866 1819 1991 1858 fuisse
2010 1819 2093 1858 exi-

655 1894 874 1941 stimemus,
904 1905 983 1930 non
1013 1874 1244 1942 cognomen!ss
1275 1891 1374 1928 nihil
1402 1890 1578 1941 impedit.

661 1962 702 2000 C.
733 1961 939 1999 Norbanus
968 1961 1119 1998 Bulbus
1150 1959 1247 2009 (non
1276 1959 1449 2009 Balbus)
1482 1971 1562 1997 eos.
1595 1971 1630 1996 a.
1653 1958 1729 1996 671
1763 1957 1816 2006 (a.
1839 1955 1884 1995 C.
1908 1955 1992 2005 83).
2049 1956 2092 1994 Is

766 2029 1084 2079 antiquissimius
1114 2034 1176 2066 est
1205 2029 1322 2066 homo
1352 2028 1438 2066 eius
1467 2027 1652 2073 nominis,
1682 2026 1730 2065 de
1759 2037 1838 2076 quo
1866 2024 2094 2063 testimonia

766 2099 968 2136 habemus.

660 2166 703 2205 C.
725 2166 929 2204 Norbanus
959 2166 1132 2204 fortasse
1162 2165 1269 2203 filius
1300 2165 1399 2212 eius,
1429 2164 1497 2214 qui
1518 2163 1730 2214 praecedit,
1761 2162 1941 2200 triumvir
1959 2173 2093 2199 mone-

765 2235 857 2273 talis
891 2235 932 2272 in
967 2234 1129 2273 denario
1161 2232 1207 2274 c,
1234 2233 1266 2270 Ι.
1287 2233 1335 2271 L.
1362 2233 1383 2270 Ι
1409 2233 1510 2279 435,
1548 2237 1707 2283 praetor
1737 2223 1897 2270 Siciliae
1925 2242 1951 2267 a
1976 2220 2093 2267 cice-

764 2317 861 2341 rone
891 2303 931 2340 in
950 2303 1129 2341 Verrinis
1159 2306 1399 2340 memoratur
1429 2301 1484 2351 (v.
1506 2301 1794 2339 Mommsenum
1815 2298 1863 2336 de
1882 2311 1925 2336 re
1945 2307 2091 2335 numm.

765 2371 881 2409 Rom.
913 2384 951 2420 p.
974 2371 1052 2409 608
1083 2385 1121 2409 n.
1145 2370 1256 2419 236).

660 2440 702 2478 G.
738 2440 940 2488 Norbanus
967 2439 1134 2477 Flaccus
1163 2451 1244 2477 cos.
1277 2451 1311 2476 a.
1335 2437 1414 2476 716
1446 2437 1498 2487 (a.
1523 2436 1567 2476 C.
1591 2436 1672 2485 38).

660 2507 702 2546 C.
733 2508 939 2546 Norbanus
970 2507 1139 2545 Flaccus
1175 2507 1280 2545 filius
1320 2518 1398 2544 cos
1437 2519 1472 2543 a.
1497 2504 1574 2542 716
1612 2504 1674 2554 (ut
1702 2504 1916 2542 Henzenus
1954 2501 2094 2540 statuit

765 2576 1022 2625 probabiliter
1052 2574 1096 2613 G.
1119 2576 1148 2612 I.
1171 2575 1219 2613 L.
1250 2575 1269 2612 Ι
1298 2588 1335 2624 p.
1358 2574 1471 2623 450),
1503 2585 1581 2611 cos.
1614 2585 1648 2610 a.
1672 2571 1751 2609 730
1781 2571 1836 2620 (a.
1859 2569 1904 2609 C.
1927 2569 2011 2620 24).

659 2645 699 2684 Ο.
728 2645 934 2682 Norbanus
965 2644 1134 2682 Flaccus
1163 2655 1243 2681 cos.
1276 2655 1309 2680 a.
1334 2643 1412 2680 768
1445 2641 1500 2691 (p.
1523 2640 1568 2679 C.
1594 2640 1678 2690 15).

654 2713 706 2750 L.
732 2712 941 2751 Norbanus
971 2711 1138 2750 Flaccus
1167 2711 1318 2748 Balbus
1349 2722 1430 2748 cos.
1462 2723 1498 2747 a.
1519 2708 1598 2746 772
1630 2708 1688 2758 (p.
1710 2706 1755 2746 C.
1780 2707 1860 2757 19).

656 2781 864 2819 Norbanus
901 2780 1045 2829 aliquis
1083 2792 1162 2816 una
1191 2792 1282 2817 cum
1306 2778 1426 2816 Vibio
1461 2776 1701 2815 memoratus
1737 2776 1779 2813 in
1815 2774 1977 2813 denario
2012 2787 2092 2812 non

766 2849 864 2886 satis
896 2855 1026 2886 certae
1054 2848 1236 2885 lectionis
1268 2845 1312 2885 C.
1333 2847 1366 2884 Ι.
1389 2846 1435 2884 L.
1466 2845 1486 2883 Ι
1509 2845 1599 2883 504.

656 2918 705 2956 L.
726 2916 932 2955 Norbanus
952 2915 1105 2966 Appius
1125 2916 1333 2961 Maximus,
1362 2914 1423 2951 bis
1445 2914 1586 2952 consul
1613 2917 1650 2950 et
1679 2926 1714 2950 a.
1735 2911 1786 2950 88
1816 2912 1970 2962 legatus
1987 2910 2092 2949 Pan-

765 2986 909 3023 noniae
939 2998 989 3022 ex
1008 2984 1130 3022 Plinii
1160 2983 1342 3034 epistulis
1363 2989 1402 3020 et
1422 2981 1595 3020 Martiali
1620 2986 1737 3019 notus
1768 2979 1836 3029 (cf.
1857 2979 2092 3018 Mommseni

765 3054 887 3092 index
916 3053 1122 3090 Plinianus
1151 3065 1190 3102 p.
1212 3051 1325 3101 401).

661 3123 703 3162 Ο.
734 3121 940 3160 Norbanus
981 3121 1200 3167 Quadratus
1235 3119 1460 3169 praefectus
1494 3122 1712 3156 castrorum
1748 3115 2015 3155 Alexandriae
2050 3115 2092 3153 in
2191 3103 2214 3128 7

766 3189 924 3228 Troade
955 3187 1000 3228 C.
1020 3189 1054 3227 Ι.
1074 3188 1121 3226 L.
1152 3189 1218 3226 III
1239 3188 1331 3226 381.

578 3280 584 3286 ·
656 3259 707 3297 L.
739 3258 947 3296 Norbanus
976 3257 1145 3295 Faustus
1177 3255 1316 3307 Capua
1344 3255 1533 3293 oriundus
1562 3253 1674 3292 miles
1701 3253 1734 3290 Ι.
1755 3251 1806 3290 N.
1829 3251 1948 3290 3625.

663 3326 706 3365 C.
737 3326 942 3367 Norbanus
972 3325 1104 3373 sorex,
1134 3325 1396 3364 secundarum
1427 3321 1632 3372 Pompeiis
1662 3321 1693 3359 I.
1713 3319 1766 3359 N.
1787 3318 1906 3358 2209.
