2222 3594
351 245 448 291 184
1038 252 1047 256 '
1111 258 1350 293 CORSSEN:

934 441 1324 482 AVRVNCORVM
1360 442 1527 482 AGER.

1094 534 1381 574 AVRVNCA.
1446 542 1447 546 ’

353 656 416 696 71.
465 656 663 695 Nummus
695 669 842 696 aeneus
864 658 991 696 musei
1011 658 1233 697 Britannici
1254 659 1303 696 ab
1334 659 1460 696 altera
1486 663 1597 708 parte
1617 658 1735 704 habet
1754 662 1873 708 caput
1891 657 2114 694 laureatum
2150 704 2152 707 Α

407 725 609 775 Apollinis
647 738 736 763 cum
781 725 914 764 littera
943 729 990 773 Θ,
1034 727 1083 764 ab
1119 727 1245 764 altera
1281 727 1510 776 delphinum
1540 739 1627 764 cum
1658 726 1884 764 nominibus
1915 725 2052 775 oppidi
2081 730 2134 762 et·
2177 709 2216 775 ,ἦ

407 794 663 844 magistratus
693 794 902 832 monetarii
933 806 1054 845 supra
1084 799 1123 832 et
1151 795 1255 832 infra
1285 795 1465 844 scriptis:

759 885 1018 937 aurunkud
1511 901 1712 938 Aurunci.

759 1023 967 1072 makdlis
1507 1036 1713 1075 Macidius.

467 1126 594 1166 catal.
616 1129 660 1176 of
674 1128 733 1166 the
754 1127 822 1166 Gr.
843 1130 937 1166 coin.
958 1129 1059 1166 Brit.
1082 1128 1182 1166 Mus.
1196 1128 1245 1166 It.
1262 1141 1303 1178 p.
1327 1129 1388 1166 75.
1430 1127 1554 1166 Cuius
1574 1128 1723 1166 nummi
1743 1127 1998 1177 exemplaria,
2020 1139 2122 1177 quae

350 1195 384 1233 I.
416 1195 700 1234 Friedlaender
729 1195 958 1245 publicavit,
1007 1197 1178 1234 incertas
1223 1196 1507 1234 tandummodo
1545 1196 1738 1246 quasdam
1775 1196 1948 1234 nominis
1986 1194 2123 1245 oppidi

350 1263 558 1301 Auruncae
589 1263 684 1303 Osci
713 1265 919 1314 relliquias
949 1264 1098 1302 habent
1126 1276 1214 1302 cum
1244 1265 1403 1302 nomine
1424 1264 1680 1314 magistratus
1702 1263 1889 1311 Makdiis,
1919 1263 2122 1301 Asaakdiis
2175 1255 2194 1294 ᾗ

355 1331 468 1380 (Osk.
511 1331 640 1370 Miinz.
681 1339 706 1370 t.
746 1333 860 1371 VIII.
889 1346 928 1383 p.
960 1333 1011 1371 63
1041 1332 1130 1382 sq.).
1203 1332 1305 1370 Post
1341 1331 1536 1371 Garrucci
1574 1331 1740 1382 protulit
1782 1331 1988 1381 exemplar
2032 1343 2122 1369 cum
2175 1330 2213 1368 4-

351 1399 496 1438 litteris
527 1400 664 1451 oppidi
681 1401 853 1439 nominis
875 1400 1050 1439 Aurunlc.
1081 1407 1120 1439 et
1139 1401 1297 1439 nomine
1319 1401 1576 1450 magistratus
1599 1400 1623 1449 (
1620 1400 1666 1437 M
1661 1399 1855 1449 )aakdiis‚
1884 1398 1995 1437 Bull.
2016 1399 2123 1437 arch.

351 1467 457 1518 Nap.
487 1481 548 1506 nv.
580 1481 611 1507 s.
640 1469 677 1515 I,
707 1475 785 1507 tav.
816 1469 893 1515 IV,
923 1470 960 1508 4.
986 1482 1029 1519 p.
1060 1469 1122 1507 65·
1147 1481 1218 1519 sq„
1247 1469 1351 1507 unde
1381 1469 1562 1516 Famem,
1598 1466 1639 1506 C.
1655 1468 1691 1506 Ι.
1712 1469 1762 1506 It.
1787 1468 1908 1512 2745,
1937 1480 1974 1505 a.
1996 1466 2121 1506 Gloss.
2176 1474 2215 1522 ᾗ>

350 1536 401 1574 It.
432 1549 475 1586 p.
513 1536 640 1585 1090,
680 1550 758 1587 eqo,
797 1537 843 1575 Z.
872 1538 908 1586 s.
949 1538 1065 1588 verql.
1104 1536 1192 1587 Spr.
1228 1537 1306 1585 XI,
1349 1537 1444 1575 324.
1508 1537 1638 1574 Musei
1679 1535 1899 1575 Britannici
1938 1547 2122 1574 nummus

352 1604 551 1655 integrum
581 1605 799 1644 ablativum
830 1605 930 1656 sing.
962 1605 1133 1644 nominis
1156 1605 1253 1644 Osci
1273 1606 1478 1643 Auruncae
1507 1605 1662 1655 oppidi:
1693 1604 1912 1642 Aurunlcud
1937 1603 2123 1649 servavit,
2173 1601 2216 1652 ζ”ξ

349 1672 454 1711 unde
475 1672 665 1722 sequitur,
696 1674 814 1711 etiam
845 1674 884 1711 in
910 1674 1050 1712 ceteris
1070 1674 1365 1724 exemplaribus
1396 1673 1573 1712 eiusdem
1603 1673 1753 1726 nummi
1781 1673 1886 1711 hunc
1906 1672 2124 1710 ablativum
2168 1683 2212 1713 i*-

357 1745 426 1778 aut
457 1741 638 1779 omnibus
668 1741 812 1780 litteris
844 1742 1034 1792 scriptum
1067 1749 1135 1780 aut
1164 1748 1257 1780 nota
1286 1742 1502 1780 indicatum
1531 1741 1666 1779 fuisse.

917 2099 1071 2140 AGER.
1100 2099 1555 2141 TARRICINENSIS.

356 2223 429 2263 72.
479 2224 654 2262 Tessera
684 2224 858 2263 eburnea
886 2225 1055 2263 Romam
1086 2225 1209 2264 allata
1238 2225 1289 2263 ad
1320 2224 1541 2265 Saulinium
1572 2239 1621 2264 ex
1650 2227 1734 2276 agri
1765 2222 2058 2264 Tarricinensiz

1009 2329 1202 2368 STATIS
1221 2356 1229 2365 .
1248 2293 1416 2369 CLO'IL
1435 2357 1443 2366 .
1462 2329 1499 2368 C

957 2396 1109 2437 Statius
1141 2396 1310 2436 Cloilius
1363 2397 1481 2436 Gavii
1510 2398 1537 2436 f.

462 2488 612 2536 Brunn,
660 2488 769 2526 Bull.
816 2490 853 2526 d.
883 2490 981 2527 Inst.
1013 2502 1048 2526 a.
1079 2489 1128 2527 R.
1158 2489 1274 2535 1864,
1306 2503 1348 2539 p.
1379 2490 1442 2528 37.
1472 2490 1540 2528 38.
1601 2488 1646 2527 G.
1687 2489 1928 2535 Wllmanns‚
1957 2486 2120 2537 Ephem.
2162 2472 2215 2521 'J‘

357 2557 475 2605 epigr.
507 2555 541 2603 I⁷
567 2569 610 2605 p.
639 2556 707 2594 32.
769 2555 870 2595 Cum
900 2558 938 2595 in
970 2558 1044 2595 hoc
1073 2557 1187 2595 titulo
1218 2562 1409 2607 appareat
1439 2557 1559 2596 Statis
1590 2569 1831 2607 praenomen
1859 2562 1903 2594 ut
1933 2554 2054 2594 Statie
2082 2554 2123 2592 in
2199 2565 2205 2579 ⁶

353 2623 454 2661 stela
484 2622 664 2662 Cumana
703 2626 773 2674 (cf.
805 2637 910 2674 supr.
940 2638 977 2663 η.
1009 2625 1089 2675 17),
1119 2631 1158 2663 et
1192 2630 1288 2663 nota
1322 2625 1589 2675 praenominis
1626 2626 1751 2676 patris
1785 2625 1824 2664 C.
1863 2637 1942 2663 non
1979 2623 2119 2675 addita

354 2691 488 2729 littera
522 2692 650 2742 prima
686 2693 796 2730 vocis
838 2693 947 2741 filius
983 2694 1133 2742 scripta
1169 2694 1239 2740 sit,
1287 2692 1338 2732 G.
1369 2693 1612 2731 Willmanns
1657 2700 1762 2731 recte
1800 2692 2001 2739 iudicavit,
2041 2702 2121 2728 non

356 2758 549 2797 Latinum
579 2772 669 2798 esse
699 2760 803 2798 hunc
833 2760 1002 2808 titulum,
1034 2762 1106 2799 sed
1136 2760 1286 2799 Oscum
1315 2760 1472 2799 Latinis
1500 2761 1647 2800 litteris
1678 2762 1876 2811 scriptum.

920 3113 1371 3164 AEQVICVLORVM
1400 3113 1566 3153 AGER.

361 3238 434 3277 73.
492 3238 616 3289 Lapis
660 3240 843 3277 inventus
890 3240 931 3277 in
977 3252 1073 3290 agro
1120 3239 1295 3278 Cicolomo
1339 3239 1388 3276 ad
1433 3241 1560 3276 vicum
1604 3238 1725 3276 Nesce
1767 3237 1872 3275 haud
1915 3236 2054 3286 procul
2096 3247 2120 3273 a

413 3306 735 3345 Pescorocchiano
778 3307 818 3344 in
867 3308 1103 3357 deleqazione
1136 3307 1239 3345 Rieti
1267 3319 1400 3345 mense
1429 3306 1615 3344 Ianuario
1652 3319 1714 3343 au.
1755 3305 1858 3343 1859
1894 3305 1935 3342 in
1963 3315 2120 3342 camera

414 3376 672 3413 subterranea
701 3387 788 3414 cum
819 3375 991 3414 nummis
1022 3381 1060 3413 et
1089 3375 1201 3414 varia
1231 3374 1471 3424 supellectili
1499 3380 1539 3413 et
1567 3373 1694 3412 titulis
1722 3372 1896 3410 Latinis:
