2222 3594
326 259 420 306 130
897 272 1304 306 ADmTAMENTvM
1329 272 1438 308 vor..
1466 273 1505 305 11

314 387 502 425 fratribus
532 387 762 425 Arvalibus.
820 386 899 426 Sed
928 388 1046 426 etiam
1075 387 1228 426 Romae
1255 388 1342 426 fieri
1370 394 1515 438 potest,
1544 394 1588 427 ut
1617 387 1802 427 Caesaris
1831 393 1959 429 aetate
1986 389 2080 430 fana

313 455 460 492 fuerint
487 455 647 505 publice
673 455 867 503 dedicata,
898 457 1039 506 quibus
1070 469 1158 495 cum
1187 456 1356 507 collegia
1383 463 1574 507 perpetua
1599 457 1708 495 nulla
1728 457 1915 495 attributa
1934 463 2078 505 essent,

314 530 518 562 curatores
555 522 675 562 dandi
710 530 845 562 essent
879 538 904 563 a
938 525 1250 576 magistratibus.
1309 525 1435 562 Immo
1471 514 1571 575 quae
1601 525 1748 563 tradita
1777 523 2001 576 accepimus
2030 525 2080 565 de

314 591 517 642 magist-ris
555 593 732 631 vicorum
767 590 1038 643 p'agorumque
1072 605 1160 630 cum
1189 593 1337 631 liberae
1366 593 1423 630 rei
1453 594 1636 643 publicae
1667 593 1809 631 aetatis
1838 598 1920 631 tum
1947 599 2078 644 poste-

313 660 433 698 rioris
469 661 575 699 haud
613 660 696 698 scio
733 673 784 699 an
819 661 896 700 huc
929 661 1171 711 pertineant3
1209 673 1336 711 neque
1372 661 1473 700 enim
1514 661 1556 699 hi
1592 662 1846 712 magistratus
1882 665 1976 700 sunt
2009 661 2078 711 qui

271 778 274 779 ⁷
313 729 408 766 item
444 740 560 767 sacra
588 735 745 776 curant,
783 729 853 768 sed
883 729 1110 768 sacerdotes
1139 733 1298 780 praeter
1331 741 1446 768 sacra
1474 729 1591 768 etiam
1622 729 1672 768 ad
1700 729 1860 780 publica
1887 728 2079 779 quaedam

313 797 475 848 negotia
493 798 638 836 vocati.
688 797 754 836 Ad
782 797 824 835 id
845 798 1071 849 exemplum
1092 810 1180 835 cum
1201 797 1379 836 coloniae
1397 798 1741 844 constituerentur,
1771 797 1925 835 duoviri
1945 810 2078 836 eorum

315 865 426 915 (nam
457 865 505 902 de
535 866 732 904 aedilibus
752 866 840 903 vide
870 866 1082 905 observata
1109 879 1145 916 p.
1172 865 1268 915 145)
1299 866 1536 904 iubebantur
1564 879 1615 903 ex
1643 865 1900 904 decurionum
1921 865 2078 907 decreto

313 939 517 972 curatores
547 934 731 972 fanorum
762 935 974 984 quotannis
1004 940 1100 984 quot
1128 939 1327 984 oporteret
1355 934 1498 972 facere.
1522 957 1572 963 --
1607 933 1671 972 De
1699 934 1800 983 ipsis
1829 933 2079 973 caerimoniis

313 1002 390 1039 hoc
418 1002 544 1040 solum
575 1002 721 1041 adnoto
751 1003 1051 1052 antiquissimas
1081 1014 1169 1041 esse
1199 1015 1335 1041 omnes
1365 1002 1577 1049 sacrificia,
1606 1002 1833 1053 pulvinaria
1860 1001 1944 1040 sive
1972 1001 2079 1041 lecti-

315 1070 524 1120 sternial),
554 1071 671 1108 ludos
702 1071 918 1117 circenses;
948 1070 1090 1121 quibus
1122 1071 1291 1108 scaenici
1320 1082 1399 1108 non
1427 1071 1554 1120 magis
1585 1070 1759 1109 adiuncti
1790 1076 1883 1109 sunt
1901 1081 2019 1121 quam
2038 1070 2080 1111 in

314 1138 419 1176 ludis
451 1139 611 1177 urbanis
640 1139 929 1189 antiquissimis
959 1138 1227 1178 Consualibus
1257 1143 1297 1176 et
1325 1138 1574 1188 Equirribus.

166 1211 260 1243 Cura
427 1206 491 1245 De
520 1207 620 1245 locis
648 1207 833 1245 ludorum
864 1208 1168 1257 spectandorum
1198 1219 1321 1245 causa
1349 1207 1609 1246 attribuendis
1639 1207 1717 1245 tria
1751 1207 1882 1256 capita
1911 1205 2078 1246 CXXV.

133 1261 293 1293 ludorum
320 1273 513 1313 CXXVI.
536 1274 734 1314 CXXVII
767 1276 823 1313 ita
858 1280 1002 1327 agunt,
1039 1281 1082 1313 ut
1118 1276 1288 1325 primum
1318 1276 1515 1327 pertineat
1543 1275 1591 1312 ad
1621 1275 1738 1313 ludos
1767 1275 1808 1312 in
1838 1275 2079 1323 universum,

316 1344 395 1382 duo
433 1344 513 1382 alia
549 1345 600 1382 ad
636 1345 745 1382 solos
781 1345 998 1382 scaenicos.
1055 1343 1109 1381 Et
1143 1343 1217 1381 hos
1254 1344 1412 1393 quidem
1449 1344 1580 1381 facere
1617 1343 1800 1381 dicuntur
1828 1344 2103 1394 magistratus.

315 1412 497 1451 coloniae
533 1413 670 1459 aliive;
707 1413 764 1451 illi
803 1412 999 1450 circenses
1033 1411 1282 1462 potissimum
1313 1424 1402 1450 esse
1430 1412 1631 1458 videntur,
1667 1411 1840 1450 maxime
1868 1412 2011 1461 opinor
2037 1412 2080 1460 ii,

130 1525 132 1531 Α
316 1493 418 1531 quos
455 1482 670 1532 magistros
705 1481 888 1519 fanorum
923 1481 992 1518 lex
1029 1480 1161 1518 facere
1198 1480 1310 1518 iubet
1346 1493 1378 1518 c.
1410 1479 1634 1518 CXXVIII
1670 1479 1821 1530 (7‚f17.
1847 1479 1939 1530 19),
1974 1480 2080 1530 quod

130 1552 297 1585 Decurio—
316 1555 436 1598 caput
464 1549 514 1587 ob
544 1549 584 1587 id
613 1550 747 1600 ipsum
776 1561 824 1586 ea
853 1548 1002 1599 excipit
1031 1560 1133 1598 quae
1163 1548 1212 1586 de
1241 1548 1476 1598 spectaculis
1507 1553 1600 1586 sunt
1612 1546 1665 1598 ²).
1720 1547 1775 1585 Et
1803 1547 2080 1587 decurionibus

127 1602 285 1683 snumtain
317 1617 474 1667 quidem
511 1618 552 1655 in
581 1617 684 1655 ludis
716 1617 943 1668 spectandis
974 1628 1156 1655 seorsum
1184 1616 1315 1655 locum
1345 1616 1515 1654 dandum
1546 1628 1636 1654 esse
1665 1628 1754 1654 cum
1782 1615 1823 1653 in
1852 1616 2079 1655 universum

134 1661 300 1733 lpffioccuus-
317 1691 478 1723 cavetur
505 1699 539 1724 c.
562 1685 719 1724 CXXV
751 1685 810 1736 (id
838 1685 947 1735 quod
975 1685 1068 1723 item
1100 1684 1344 1735 significatur
1364 1685 1404 1723 in
1424 1685 1511 1735 lege
1531 1684 1635 1722 Iulia
1653 1683 1882 1734 municipali
1894 1683 1967 1734 3)),
1996 1690 2078 1722 tum

312 1754 354 1791 in
393 1754 586 1792 scaenicis
623 1754 728 1792 ludis
766 1767 799 1792 c.
830 1753 1030 1792 CXXVII
1069 1753 1275 1791 orchestra
1311 1753 1361 1791 iis
1401 1759 1638 1791 reservatur.
1703 1751 1895 1792 Similiter
1929 1752 2080 1792 Romae
2121 1770 2126 1780 =

314 1834 470 1872 quoque
506 1822 687 1860 obtinuit.
747 1820 908 1861 Scilicet
942 1822 983 1859 in
1018 1821 1123 1859 ludis
1162 1821 1404 1859 circensibus
1439 1821 1515 1859 etsi
1550 1826 1658 1858 certa
1693 1825 1732 1858 et
1765 1826 1959 1870 perpetua
1989 1821 2080 1859 loca

315 1897 521 1929 senatores
552 1904 576 1928 a
606 1889 774 1929 Claudio
803 1890 959 1928 demum
989 1895 1243 1939 acceperunt,
1279 1900 1458 1927 seorsum
1489 1889 1634 1927 dudum
1663 1894 1754 1926 ante
1783 1887 2095 1940 spectabant4).

312 1959 439 1997 Plane
477 1959 535 1997 sic
571 1959 613 1996 in
650 1959 809 1997 colonia
845 1956 1042 1996 Genetiva
1078 1969 1156 1995 non
1194 1961 1302 1995 certa
1338 1957 1532 2007 quaedam
1569 1957 1658 1995 loca
1693 1956 1786 1994 circi
1824 1951 2078 1995 decurionum

312 2028 476 2079 propria
513 2028 690 2074 fuerunt,
729 2027 800 2065 sed
839 2039 927 2064 cum
963 2025 1046 2063 ludi
1086 2026 1226 2063 fierent
1262 2037 1335 2075 pro
1371 2038 1415 2063 re
1452 2025 1563 2062 locus
1600 2024 1759 2074 quidam
1800 2024 2080 2063 decurionibus

314 2096 430 2134 datus
468 2096 702 2146 adsignatus
737 2095 949 2133 relictusve
985 2099 1056 2132 est.
1114 2094 1171 2132 At
1205 2093 1247 2131 in
1269 2093 1389 2144 ,ludis
1425 2092 1615 2131 scaenicis
1651 2092 1903 2132 notissimum
1941 2098 2003 2131 est
2035 2092 2078 2131 in

416 2294 447 2335 ¹)
482 2295 731 2337 Intelleguntur
762 2294 836 2326 sine
869 2293 974 2325 dubio
1007 2293 1215 2326 lectisternia
1238 2292 1399 2325 fanorum
1424 2301 1561 2332 eorum,
1594 2291 1631 2323 in
1657 2289 1791 2334 quibus,
1826 2294 1864 2323 ut
1888 2291 1937 2323 ait
1960 2291 2078 2325 Livius
2120 2315 2123 2321 .

314 2357 379 2397 36,
402 2358 440 2397 1,
462 2358 495 2389 2.
522 2358 586 2397 42,
607 2357 672 2396 30,
694 2357 712 2388 8
741 2355 798 2396 (cf.
826 2356 889 2395 40,
910 2354 974 2395 59,
996 2355 1050 2395 7),
1086 2354 1319 2387 lectisternium
1344 2353 1501 2386 maiorem
1518 2357 1652 2396 partem
1677 2353 1758 2385 anni
1773 2352 1856 2396 fieri
1879 2351 1973 2385 solet.
2022 2351 2078 2386 Cf.

313 2419 388 2452 Liv.
409 2419 442 2459 5,
461 2418 520 2458 52,
541 2419 579 2450 6:
606 2418 642 2449 in
667 2416 762 2449 Iovis
786 2417 883 2460 epulo
909 2428 984 2449 num
1009 2415 1094 2448 alibi
1118 2426 1215 2459 quam
1239 2416 1275 2447 in
1305 2413 1472 2458 Capitolio
1492 2413 1659 2458 pulvinar
1681 2414 1810 2458 suscipi
1825 2414 1961 2458 potest?

414 2478 446 2520 2)
482 2480 674 2522 Propterea
699 2480 803 2511 etiam
828 2479 902 2511 ludi
926 2479 974 2511 ibi
999 2478 1210 2520 praecedunt
1234 2477 1412 2509 sacrificia.

416 2539 449 2582 ³)
487 2542 532 2573 V.
554 2541 639 2573 138:
672 2550 751 2572 neve
783 2541 857 2584 quis
888 2550 998 2572 eorum
1024 2538 1130 2571 ludeis
1155 2549 1264 2571 cumve
1287 2537 1497 2581 ylad-iatores
1522 2536 1590 2570 ibei
1606 2535 1805 2581 puqnabunt
1827 2537 1863 2569 in
1887 2536 1959 2569 loco
1984 2545 2077 2569 sena·

2118 2599 2135 2629 ΨΑ.
2129 2487 2132 2491 ”
2134 2429 2138 2434 ι
2135 2395 2137 2398 -
2136 2316 2138 2318 .
2131 2262 2138 2279 ,Α
2133 2199 2138 2216 ,α
2127 2103 2138 2141 *³11
2123 2070 2131 2079 ¹¹
2134 1994 2138 1998 x
2115 1955 2118 1958 ⁴
2135 1919 2137 1922 .
2128 1831 2138 1877 ⁸³⁶..
2133 1778 2137 1783 ο
2127 1058 2134 1069 ⁸

2133 2351 2173 2646 “4's‘fflamffff
2136 2279 2153 2294 ’ἐ
2138 2198 2159 2249 ⁴¹2³..
2137 2131 2156 2168 ³⁹,
2136 2084 2153 2114 ‘⁴7
2141 2040 2157 2068 εὖ
2139 1997 2160 2019 ‘''2
2143 1938 2161 1967 ’ἐκ
2147 1910 2158 1927 *v
2138 1837 2158 1899 ’‘sm“
2136 1816 2145 1825 ⁴¹-
2136 1782 2155 1799 ·-2‘
2140 1705 2157 1765 '¹²:¹⁵⁴
2149 1677 2158 1687 υ
2143 1635 2156 1662 *2-
2152 1599 2154 1601 v
2158 1544 2159 1548 „
2155 1505 2158 1507 ψ
2150 1475 2155 1478 ·
2142 1448 2158 1459 Γ
2156 1365 2158 1367 v
2151 1283 2161 1314 ..w
2155 1142 2158 1144 ι
2158 1002 2159 1005 Α
2156 962 2159 965 -
2131 759 2142 768 ν

2134 2630 2169 2788 „eat-..sei

314 2603 401 2636 torio
428 2602 638 2635 decurionum
664 2603 924 2645 conscriptorum
948 2600 1056 2633 sedete
1080 2610 1159 2632 neve
1184 2603 1342 2643 spectato.
1394 2599 1448 2631 Cf.
1474 2610 1505 2631 v,
1527 2598 1608 2631 133.

416 2663 448 2704 4)
485 2664 556 2696 Dio
575 2664 633 2704 60,
655 2665 693 2696 7:
719 2658 775 2694 καὶ
802 2656 904 2706 ἑώρων
930 2660 986 2707 μὲν
1011 2673 1072 2693 που
1098 2660 1151 2694 καὶ
1175 2652 1332 2704 πρᾶτερον
1359 2658 1390 2692 ἓν
1416 2655 1500 2701 αιῖτῷ
1526 2658 1583 2701 (τῷ
1601 2651 1805 2704 ἱπποδρόμῳ)
1831 2655 1903 2701 ἰδίᾳ
1926 2656 1980 2690 καὶ
1996 2651 2078 2690 nard
2110 2682 2114 2688 .

315 2724 402 2769 σῲᾶς
434 2719 473 2762 ὦς
499 2720 631 2757 ἕκαστοι
658 2716 699 2756 το’
722 2736 756 2756 τε
784 2722 945 2766 βουλεῦον
970 2722 1023 2755 καὶ
1047 2715 1086 2755 ‘td
1114 2721 1247 2754 ἱππεῦον
1272 2720 1325 2753 καὶ
1353 2715 1370 2754 ὅ
1398 2711 1534 2763 ὅμιλος,
1571 2715 1632 2763 ἐφ’
1659 2711 1756 2765 οὗπερ
1781 2718 1870 2752 τοῦτ’
1902 2714 2075 2764 ἐνομίσθη,

317 2782 353 2820 οὔ
378 2784 487 2833 μέντοι
514 2785 569 2818 καὶ
591 2783 771 2830 τεταγμένα
797 2782 898 2830 σφίσι
923 2780 1040 2832 χωρία
1066 2779 1294 2816 ἐπεδέδεικτο·
1321 2774 1416 2815 olna}
1441 2775 1514 2814 τότε
1543 2776 1561 2813 ὅ
1577 2774 1746 2818 Κλαύδιος
1768 2774 1825 2822 τήν
1849 2793 1884 2813 τε
1911 2777 2006 2826 ἕδραν
2020 2771 2077 2822 τὴν

315 2847 367 2882 νῦν
395 2841 495 2881 οὖσαν
518 2851 590 2885 ’τοῖς
614 2847 812 2885 βουλευταῖς
837 2842 997 2891 ἀπέκρινε.
1036 2847 1137 2879 Illam
1163 2846 1414 2888 separationem
1438 2855 1514 2876 cum
1530 2844 1648 2876 Livius
1667 2845 1699 2883 1,
1719 2842 1764 2876 35
1791 2843 1836 2876 ad
1860 2844 1973 2886 ipsum
1997 2842 2078 2876 circi

318 2911 531 2944 conditorem
556 2910 718 2950 retrahat,
746 2910 817 2942 Dio
838 2908 895 2949 55,
917 2910 961 2941 22
989 2908 1033 2940 ad
1051 2909 1244 2950 Augustum
1269 2916 1430 2938 revocare
1448 2905 1597 2945 videtur3
1624 2915 1767 2947 quorum
1791 2905 1877 2936 illud
1901 2904 1945 2936 ad
1962 2913 2076 2936 verum

315 2973 457 3015 propius
488 2972 651 3004 accedere
682 2975 716 3003 et
745 2971 870 3003 Iustini
903 2970 945 3002 de
976 2969 1247 3002 Massiliensibus
1278 2968 1430 3000 narratio
1466 2966 1517 3006 (v.
1543 2978 1577 3008 p.
1599 2966 1666 2999 131
1698 2970 1768 2998 not.
1794 2964 1836 3005 6)
1868 2965 2016 2998 ostendit
2043 2967 2078 2996 ot
2116 2994 2135 2999 ..
2191 2972 2194 2973 ’

316 3035 401 3067 haec
425 3035 484 3066 lex
508 3034 595 3075 ipsa.
638 3033 730 3066 Nam
756 3042 849 3072 sane,
876 3032 943 3064 nisi
971 3031 1128 3064 Caesaris
1155 3034 1306 3072 tempore
1331 3028 1499 3061 eiusmodi
1525 3027 1694 3070 separatio
1712 3027 1748 3059 in
1765 3026 1848 3073 urbe
1865 3026 2074 3064 obtinuisset,

315 3096 353 3127 in
377 3096 451 3137 lege
476 3094 674 3137 municipali
699 3103 760 3126 sua
785 3093 915 3136 hacque
941 3093 1094 3125 coloniae
1120 3101 1201 3124 suae
1226 3101 1301 3123 eam
1326 3100 1397 3123 non
1422 3089 1601 3132 posuisset.
1639 3088 1720 3121 Non
1745 3089 1871 3130 optime
1896 3087 1939 3119 de
1959 3086 2077 3119 haere

317 3158 386 3199 egit
409 3156 581 3189 Beckerns
607 3157 643 3188 in
669 3155 796 3187 enchir.
819 3155 858 3195 2,
882 3156 913 3194 1,
934 3156 1022 3195 2823
1049 3164 1113 3186 nec
1137 3154 1177 3186 L.
1203 3151 1429 3186 Friedliinder
1454 3151 1581 3183 enchir.
1600 3149 1641 3190 4,
1661 3150 1730 3182 497
1757 3149 1839 3182 satis
1863 3147 2018 3180 distinxit
2038 3145 2075 3179 id
2114 3153 2130 3190 J

316 3218 359 3250 de
392 3228 458 3260 quo
493 3222 567 3249 tota
597 3217 748 3260 quaestio
779 3216 907 3258 pendet
937 3216 990 3247 ius
1022 3215 1198 3258 spectandi
1229 3215 1266 3247 in
1298 3214 1375 3246 loco
1408 3216 1565 3255 separato
1599 3215 1632 3243 et
1655 3211 1708 3243 ius
1731 3211 1885 3243 locorum
1909 3212 2074 3242 certorum
2109 3236 2130 3254 .-

315 3283 631 3322 perpetuorumque.
683 3277 757 3319 [Ne
789 3287 830 3310 ea
862 3278 999 3320 quidem
1030 3287 1117 3319 quae
1148 3280 1227 3319 post
1258 3276 1450 3308 Beckerum
1482 3278 1515 3306 et
1539 3272 1823 3305 Friedlfindemm
1852 3280 1915 3313 ego
1946 3269 1989 3301 de
2021 3267 2076 3301 hia

315 3341 417 3372 rebus
450 3341 593 3382 exposui
625 3341 662 3372 in
693 3339 874 3371 annalibus
906 3339 1051 3371 instituti
1086 3337 1257 3371 archaeol.
1285 3347 1314 3370 a.
1336 3336 1429 3369 1856
1455 3346 1489 3378 p.
1510 3335 1609 3368 54ss.
1637 3333 1680 3366 ef.
1709 3333 1801 3366 1859
1827 3342 1861 3374 p.
1882 3331 1949 3363 122
1974 3337 2074 3372 quao-

318 3403 462 3435 stionem
488 3402 677 3435 absolvunt.
728 3399 901 3443 nnuma]

2184 2466 2206 2757 ’κῆ-’Ἀϊῖᾳτψν-νήτη,
2199 2443 2201 2446 .
2186 2387 2205 2422 22„
2191 2358 2198 2367 a
2191 2249 2202 2267 ·,
2190 2194 2206 2207 ;
2187 1855 2205 1970 «2
2190 1810 2198 1819 η
2180 1771 2206 1782 j
2200 1734 2201 1738 „
2183 1705 2187 1707 v
2199 1646 2203 1650 ,
2201 1586 2203 1597 .„
2196 1536 2202 1555 n,
2183 1458 2205 1512 ,μς
2187 1434 2190 1436 <

2207 3259 2222 3361 ham

2149 3431 2155 3440 s
2127 3382 2158 3425 ,Κᾶιῖ
2134 3310 2159 3373 ,ιμωῖἵ
