2222 3594
315 265 414 312 356
903 277 1273 311 ADDITAMENTA
1295 277 1405 313 VOL.
1426 278 1483 311 111

317 393 509 433 habebam
539 404 611 443 pro
639 397 738 431 teste
768 405 848 430 non
877 392 1028 442 optimo
1058 405 1129 430 nec
1157 393 1413 442 peritissimo,
1452 395 1523 432 sed
1560 400 1690 432 tamen
1720 393 1882 441 idoneo;
1923 399 1964 433 at
1992 395 2085 433 sub-

317 463 497 501 dubitare
527 461 657 511 coepi,
693 465 907 512 postquam
936 473 1025 499 eum
1062 461 1299 512 deprehendi
1328 462 1442 500 titulo
1473 476 1510 500 n.
1533 463 1637 500 3711
1670 462 1910 501 Diocletiani
1939 473 2080 501 nomen

317 530 432 582 quasi
462 530 510 568 de
538 518 671 580 lapide
700 529 954 577 inferentem,
991 534 1203 579 propterea
1237 530 1344 579 quod
1372 530 1527 568 Aurelii
1556 530 1710 569 Valerii
1742 530 1905 569 nomina
1938 530 2081 569 Rome·
2137 563 2148 573 ,
2172 522 2177 531 ’

317 610 387 638 rus
416 599 473 637 ibi
502 604 703 648 posuerat,
733 610 821 636 cum
851 598 950 636 satis
980 602 1181 636 constaret
1208 599 1356 648 requiri
1385 598 1438 636 ibi
1468 598 1654 637 Flavium
1682 597 1901 647 Valerium,
1932 598 2083 637 scilicet

319 667 610 707 Constantium.
667 666 810 716 Itaque
839 679 928 705 cum
958 669 999 705 in
1029 679 1073 705 eo
1104 678 1246 714 essem,
1276 672 1320 704 ut
1349 667 1510 705 inventa
1539 681 1562 706 a
1590 667 1848 717 Desjardinio
1878 667 1928 706 ad
1954 667 2082 718 ipsius

319 737 533 775 editionem
550 735 731 774 ordinata
750 735 842 772 huic
861 734 1105 785 ephemeridi
1124 735 1350 782 insererem,
1373 736 1532 774 substiti
1549 736 1590 773 in
1607 748 1725 786 opere
1746 747 1975 786 mecumque
1991 747 2082 774 con-

320 804 430 844 stitui
454 804 690 842 Pestinense
718 815 899 841 museum
929 803 1087 842 tertium
1118 803 1239 850 adire,
1270 810 1481 854 antequam
1511 804 1559 843 de
1580 803 1898 854 Desjardinianis
1927 803 2084 854 publice

320 873 510 912 iudicium
540 873 698 911 ferrem.
756 871 954 921 Receptus
985 872 1105 922 igitur
1132 872 1288 918 Pestini
1317 873 1366 911 ab
1395 872 1534 911 amicis
1565 873 1684 911 solita
1703 871 1886 911 comitate
1914 885 1998 910 rem
2026 872 2084 910 in-

319 941 514 992 vestigavi
543 946 581 978 et
609 944 766 990 praeter
795 941 1113 990 expectationem
1150 945 1276 979 totum
1313 940 1497 979 volumen
1533 941 1774 992 deprehendi
1806 941 1913 979 mala
1947 940 2085 979 fraude

321 1017 361 1048 et
395 1014 587 1061 perpetua
620 1009 928 1059 interpolatione
965 1009 1215 1058 inquinatum
1254 1021 1354 1047 esse.
1418 1009 1524 1047 Nam
1568 1017 1611 1048 ut
1651 1010 1693 1047 in
1731 1009 1801 1048 illo
1835 1009 1974 1056 titulo,
2018 1009 2087 1047 ubi

321 1077 601 1128 DeSJardinius
648 1077 769 1114 edidit
798 1078 1270 1125 GAVRVALEmomoclll,
1314 1078 1368 1116 ibi
1412 1091 1502 1116 vere
1545 1083 1606 1116 est
1634 1088 1779 1116 FLAv10
1801 1087 1976 1116 VALEmo
2014 1088 2087 1114 nec

322 1147 535 1197 quicquam
565 1145 748 1196 amplius,
785 1145 843 1183 ita
873 1145 1019 1183 similia
1047 1150 1210 1196 peccata
1238 1147 1390 1196 passim
1419 1146 1604 1193 redeunt3
1643 1151 1681 1184 et
1708 1158 1757 1184 ne
1785 1152 1897 1196 putes
1927 1146 1968 1184 in
1998 1145 2087 1183 solo
2115 1181 2117 1184 ,
2159 1143 2182 1193 ζ

324 1228 458 1253 errore
478 1227 561 1252 rem
581 1214 813 1261 consistere,
834 1213 889 1252 ibi
904 1213 1246 1264 impudentissime
1262 1215 1346 1253 fere
1361 1216 1559 1262 mentitur,
1578 1215 1643 1253 ubi
1658 1215 1700 1252 in
1716 1214 1886 1253 editione
1901 1205 2098 1252 Parisina'

325 1283 468 1322 collata
489 1294 563 1320 sua
581 1282 749 1320 lectione
770 1294 936 1331 meaque
957 1283 1265 1321 controversiam
1287 1283 1474 1321 diiudicat
1500 1283 1676 1333 allegatis
1701 1283 1865 1332 ectypis.
1925 1281 2089 1321 Gravis-

325 1353 427 1391 sima
461 1351 559 1389 haec
594 1351 794 1389 accusatio
824 1364 874 1388 ne
903 1351 1144 1400 argumentis
1179 1351 1427 1398 destituatur,
1465 1337 1518 1390 ad¹
1553 1336 1733 1402 singulos
1770 1351 1908 1388 titulos
1938 1350 2087 1388 variam

325 1421 533 1459 lectionem
565 1432 693 1457 meam
723 1426 762 1457 et
786 1418 1131 1467 Desjardinianam
1162 1421 1381 1469 composui,
1411 1432 1512 1470 quae
1541 1419 1699 1469 quidem
1729 1419 1879 1468 aliquid
1902 1418 2090 1456 momenti

325 1490 501 1535 haberet,
532 1495 571 1525 et
599 1492 641 1525 ut
667 1499 777 1526 meos
808 1499 962 1526 errores
992 1499 1071 1525 non
1100 1488 1250 1536 reticui,
1282 1488 1338 1526 ita
1359 1487 1690 1537 Desjardinianos
1719 1499 1876 1538 quoque
1905 1486 2088 1525 indicavi.

327 1557 433 1596 Nam
463 1568 699 1607 quamquam
731 1555 928 1594 eiusmodi
957 1556 1246 1594 confutationes
1278 1557 1406 1594 adhuc
1435 1569 1592 1607 semper
1621 1545 1842 1607 contempsi
1870 1567 1951 1594 non
1979 1555 2090 1605 igno-

327 1638 422 1665 rans
453 1626 634 1675 equidem
665 1637 786 1674 quam
816 1625 868 1662 sit
897 1625 1124 1663 necessaria
1154 1625 1271 1663 etiam
1307 1626 1348 1662 in
1377 1625 1549 1663 minimis
1579 1630 1619 1663 et
1647 1624 1874 1675 adiaphoris
1905 1627 2092 1662 accurata
2127 1669 2144 1672 ,‚
2164 1607 2183 1643 ’ἐ-

327 1694 457 1742 lecti0,
489 1694 560 1732 sed
589 1693 807 1731 abhorrens
839 1706 862 1731 a
891 1693 1178 1731 consuetudine
1208 1706 1344 1731 eorum
1374 1694 1550 1731 virorum
1585 1693 1802 1740 doctorum,
1839 1693 1909 1742 qui
1937 1692 2092 1743 Aprum

327 1764 473 1802 factum
506 1774 595 1801 esse
625 1774 675 1800 ex
697 1762 803 1812 Apto
834 1773 1039 1811 annosque
1068 1761 1132 1799 XI
1162 1762 1396 1800 substitutos
1426 1774 1498 1813 pro
1526 1762 1566 1799 X
1594 1762 1742 1812 populo
1770 1759 1954 1799 nuntiant
1982 1752 2110 1798 tibiis
2167 1768 2177 1775 ⁴

329 1832 511 1882 tubisque
542 1830 851 1877 concinentibus,
887 1830 953 1868 hic
980 1830 1059 1867 iam
1090 1830 1168 1868 alia
1195 1842 1259 1868 res
1289 1831 1430 1880 agitur,
1476 1830 1629 1869 scilicet
1657 1829 1785 1868 malae
1814 1829 1908 1867 fidei
1935 1828 2095 1878 publica
2161 1874 2163 1879 A

329 1900 541 1939 accusatio.
600 1899 663 1935 Ea
690 1899 814 1948 igitur
834 1911 1011 1936 errorum
1031 1898 1217 1936 refutatio
1247 1899 1351 1936 infra
1379 1904 1640 1949 proponetur3
1678 1899 1753 1936 hoc
1780 1897 1870 1936 loco
1900 1897 2094 1947 quaedam
2154 1898 2161 1909 ”

327 1980 471 2019 ponam
518 1968 729 2006 observata
770 1967 811 2004 in
855 1966 1081 2016 diplomatis
1118 1973 1401 2005 veteranorum.
1460 1967 1629 2004 Errores
1671 1966 1713 2004 in
1755 1966 1805 2004 iis
1849 1965 2010 2003 edendis
2051 1965 2094 2002 in

329 2036 508 2086 Corpore
544 2036 747 2074 commissi
790 2035 897 2084 apud
925 2034 1222 2083 Desjardinium
1265 2035 1519 2086 conspicuum
1563 2035 1694 2073 locum
1737 2039 1932 2085 occupant
1966 2045 2093 2084 eoque

329 2106 518 2144 maiorem
548 2104 664 2142 fidem
696 2103 770 2142 sibi
801 2103 1000 2141 vindicant
1030 2103 1137 2153 quod
1167 2103 1224 2142 sic
1253 2103 1310 2141 ibi
1340 2109 1539 2142 monetur:
1571 2116 1672 2153 pour
1701 2103 1753 2141 les
1783 2102 1965 2152 diplcimes
1994 2101 2094 2139 mili·

330 2176 460 2221 taires,
491 2185 528 2211 ce
557 2180 642 2211 sont
672 2173 723 2211 les
755 2179 987 2222 estampaqes
1018 2172 1237 2210 eux-memes
1259 2185 1329 2222 que
1358 2185 1451 2210 nous
1482 2184 1598 2210 avons
1622 2171 1773 2221 publie's
1804 2183 1848 2208 en
1874 2183 1898 2219 y
1924 2170 2096 2218 ajoutant
2152 2170 2166 2212 ‚'

331 2242 371 2280 la
401 2242 610 2280 coloration
639 2242 703 2279 des
733 2247 960 2279 monuments
991 2242 1206 2289 originaux.
1265 2240 1535 2279 Recensentur
1564 2239 1704 2278 deinde
1733 2239 1775 2277 in
1804 2236 1968 2290 singulis
1997 2237 2095 2289 legi·
2156 2245 2174 2253 ’-

330 2311 404 2350 bus
435 2322 588 2349 errores
619 2309 823 2348 commissi
852 2309 902 2348 ad
931 2309 1007 2346 hoc
1036 2308 1280 2358 exemplum:
1927 2299 1932 2304 ⁹

515 2434 663 2484 Corpus
687 2447 729 2484 p.
753 2435 839 2473 855
868 2432 1044 2483 (contulit
1071 2433 1319 2482 Mommsen):
1559 2431 1618 2470 On
1644 2431 1688 2470 lit
1716 2443 1783 2469 sur
1804 2431 1836 2470 le
1864 2435 2097 2469 monumente

389 2527 451 2564 1re
471 2528 577 2577 face.
610 2532 679 2564 ext.
718 2526 742 2564 l.
778 2526 826 2563 13
1006 2535 1370 2563 v·CA1.LAECORVM
1661 2531 2020 2572 v·cAL1.A1conms

389 2591 458 2631 20‘0
526 2616 541 2622 -
633 2615 647 2620 —
714 2593 738 2630 l.
803 2593 825 2630 3
1007 2603 1031 2630 c
1047 2611 1055 2620 ·
1074 2602 1151 2630 1vL1
1662 2601 1710 2629 c·
1733 2601 1824 2628 RVFI

714 2661 737 2698 ῑ.
802 2660 827 2697 4
1009 2671 1100 2698 sex·
1121 2670 1198 2697 ELEI
1664 2669 1734 2696 sex
1750 2678 1758 2687 ·
1778 2669 1859 2696 firi-*1

390 2731 413 2768 1
421 2732 453 2751 re
523 2752 538 2757 -
603 2731 671 2766 int.
708 2729 733 2766 l.
806 2730 823 2765 1
1009 2728 1087 2767 llll
1094 2739 1170 2765 AR·
1190 2727 1281 2766 1)le
1663 2738 1729 2764 uvir
1748 2746 1755 2755 ·
1775 2736 1924 2764 CAESAR
1942 2744 1950 2754 ·
1967 2724 2060 2763 nlvl

422 2818 437 2825 -
528 2819 543 2824 -
634 2819 648 2824 -
709 2797 732 2833 l.
803 2797 825 2833 3
1009 2805 1088 2834 cos
1104 2815 1111 2823 ·
1128 2792 1175 2865 xl
1663 2804 1742 2832 cos
1760 2814 1767 2822 ·
1785 2798 1832 2831 xi

420 2886 436 2893 -
528 2886 544 2893 -
637 2886 651 2892 -
708 2865 733 2901 l.
777 2865 826 2901 14
1007 2868 1179 2902 ετ-ῑῑῆ·
1198 2872 1450 2902 BREvcoavm
1664 2873 1712 2899 ET
1731 2867 2041 2900 ffissmzvconvm

394 2987 494 3029 Cum
524 2989 690 3027 tabellas
719 2988 945 3038 recognovi,
975 2988 1062 3038 ipse
1082 2987 1180 3026 meis
1212 2987 1341 3026 oculis
1363 2986 1540 3027 diffidere
1561 2986 1674 3036 coepi
1703 2985 1970 3036 advocavique
2001 2985 2096 3023 ami·
2147 3003 2154 3008 κ

337 3070 420 3106 cos,
458 3064 502 3096 ut
536 3063 661 3096 testes
697 3057 794 3095 mihi
829 3062 961 3095 essent
994 3056 1036 3094 in
1071 3069 1114 3094 re
1152 3056 1352 3106 praesenti
1389 3055 1684 3105 Desjardinium
1720 3066 1807 3092 cum
1845 3053 1976 3092 sexies
2011 3046 2125 3092 cor?
2158 3042 2174 3078 ’ἶ

338 3127 498 3174 rexerit,
528 3126 659 3164 sexies
689 3124 893 3163 mentitum
930 3136 1030 3163 esse.
1090 3124 1300 3162 Mentitum
1335 3123 1442 3169 dico;
1488 3136 1579 3161 nam
1608 3123 1650 3160 in
1687 3122 1845 3160 tabellis
1880 3121 1930 3159 iis
1966 3121 2177 3174 omnia

341 3194 565 3234 clarissima
593 3193 812 3232 certissima
841 3192 1139 3231 evidentissima
1168 3198 1271 3239 sunt,
1302 3196 1346 3229 ut
1364 3204 1412 3229 ne
1432 3204 1529 3241 puer
1549 3190 1706 3240 quidem
1737 3203 1786 3227 ex
1815 3189 1917 3227 Iulio
1936 3189 2095 3228 Rufium

340 3264 471 3301 facere
499 3262 638 3312 possit.
697 3262 836 3311 Itaque
856 3260 1060 3299 sollemnis
1089 3261 1159 3298 illa
1189 3261 1236 3298 de
1266 3259 1414 3310 ectypis
1445 3258 1704 3308 praescriptio
1727 3262 1766 3295 et
1793 3257 1882 3308 ipsa
1911 3256 2098 3295 ementita

344 3332 398 3370 sit
426 3342 587 3369 necesse
615 3334 695 3376 est3
724 3330 845 3367 immo
873 3329 1095 3368 tabularum
1124 3327 1532 3377 Desjardinianarum,
1561 3325 1810 3378 paucissimis
1841 3324 2017 3375 exceptis
2045 3323 2098 3361 ad

343 3400 433 3450 ipsa
460 3404 715 3437 monumenta
743 3397 958 3448 expressis,
988 3398 1124 3436 eadem
1144 3397 1242 3435 fides
1270 3402 1330 3435 est
1358 3401 1477 3446 atque
1498 3396 1767 3446 exemplorum
1794 3393 1902 3443 typis
1931 3393 2097 3442 impres·
