2222 3594
333 236 430 283 260
723 249 1128 292 OBSERVATIONES
1162 250 1533 284 EPIGRAPHICAE
1569 250 1692 284 xvn.

329 370 424 403 natu
453 365 642 403 maiorem
668 365 900 403 Polemonis
931 371 970 404 et
998 366 1309 417 Pythodoridis,
1339 366 1620 417 Tryphaenam
1651 372 1783 404 autem
1813 365 1898 403 eius
1929 377 2094 403 uxorem

331 438 537 482 praeterea
565 433 741 484 ignotam
772 434 901 472 adhuc
930 434 1108 485 plerique
1139 439 1378 480 statuerunt3
1414 448 1542 484 neque
1578 434 1693 471 aliter
1721 433 1842 472 statui
1877 433 2022 483 potuit,
2044 424 2096 471 ‘si

331 501 492 550 quidem
521 501 602 539 Dio
632 502 721 539 loco
750 503 871 540 citato
901 515 981 540 non
1009 503 1166 540 erravit.
1225 505 1282 541 At
1316 503 1543 553 opinionem
1572 502 1690 554 vulgo
1725 506 1924 552 receptam
1957 501 2098 539 evertit

331 569 606 619 Waddington
636 583 682 608 eo
713 570 820 620 quod
849 571 1076 609 observavit
1105 571 1361 610 Polemonem
1392 583 1493 618 eum,
1526 571 1594 620 qui
1624 583 1658 607 a.
1684 569 1733 608 38
1764 582 1837 607 rex
1863 562 1994 608 factus*
2021 573 2095 616 est,
2147 574 2156 584 “

329 638 370 674 in
399 638 572 675 nummis
604 638 695 675 anni
726 638 830 676 tertii
852 639 1004 677 vultum
1033 652 1129 688 prae
1156 651 1198 677 se
1218 640 1321 678 ferre
1351 639 1461 688 pueri
1486 651 1679 676 annorum
1699 638 1783 676 fere
1803 637 2026 687 quindecim
2043 636 2096 687 1),

331 718 418 743 cum
459 705 742 758 Pythodoridis
787 706 890 744 filius
939 712 1034 744 natu
1077 708 1203 745 maior
1243 720 1288 745 eo
1324 714 1500 757 tempore
1537 718 1662 744 annos
1711 717 1790 744 non
1824 705 2001 755 potuerit
2029 705 2096 742 ha-

331 773 421 812 bere
452 774 581 812 minus
612 775 911 826 quinquaginta.
969 775 1188 825 Propterea
1217 787 1290 825 ego
1306 774 1345 825 2)
1377 776 1642 813 coniecturam
1674 774 1866 824 proposui
1894 773 2095 823 Pythodo-

329 842 405 879 ridi
436 842 680 880 successisse
710 856 789 881 non
819 843 964 890 filium,
1007 844 1077 881 sed
1106 849 1307 894 nepotem,
1343 844 1516 882 Dionem
1555 847 1685 880 autem
1720 854 1853 880 errore
1889 847 2096 891 paternum

330 922 492 960 regnum
526 911 690 958 dixisse,
723 911 827 960 quod
858 917 965 949 esset
994 912 1159 957 avitum3
1189 912 1307 961 idque
1338 912 1371 950 si
1403 924 1480 949 non
1503 923 1649 958 verum,
1680 915 1785 948 certe
1805 923 1830 947 a
1850 922 1942 947 vero
1973 921 2098 959 prope

331 979 475 1017 abesse
505 979 585 1016 iam
615 985 792 1030 apparet.
845 979 941 1017 Fuit
970 981 1072 1018 enim
1102 980 1269 1018 Polemo
1300 981 1400 1017 alter
1429 993 1520 1017 vere
1552 978 1834 1029 Pythodoridis
1865 989 2008 1027 nepos,
2045 990 2098 1016 ex

328 1047 413 1084 filia
441 1051 591 1094 tamen,
621 1059 701 1085 non
730 1060 781 1084 ex
811 1047 914 1095 filio,
944 1048 1050 1085 filius
1082 1054 1211 1086 autem
1244 1047 1398 1098 Cotyis.
1457 1047 1562 1086 Nam
1591 1052 1802 1097 postquam
1833 1038 2096 1097 comperimus

329 1114 559 1153 Polemonis
597 1116 711 1152 matri
749 1127 892 1154 nomen
930 1116 1055 1154 fuisse
1091 1117 1292 1155 Antoniae
1322 1116 1606 1166 Tryphaenae,
1649 1115 1909 1166 imperatores
1950 1120 2096 1161 autem,

329 1183 398 1232 qui
427 1184 476 1221 ab
507 1183 683 1221 Antonio
713 1183 863 1222 IIIviro
901 1185 1093 1234 originem
1132 1186 1346 1232 traherent,
1384 1185 1469 1222 eius
1505 1183 1682 1222 mulieris
1719 1183 1965 1234 propinquae
2001 1192 2121 1220 suae

328 1251 423 1289 filiis
460 1263 711 1300 summopere
759 1252 921 1299 favisse,
971 1253 1252 1303 Tryphaenam
1300 1254 1342 1291 in
1389 1252 1559 1290 nummis
1606 1251 1835 1290 Polemonis
1869 1263 2096 1301 repraesen-

326 1325 451 1357 tatam
485 1319 564 1357 iam
600 1332 715 1357 nemo
751 1321 912 1371 negabit
946 1333 1025 1359 non
1070 1334 1237 1360 uxorem
1267 1321 1352 1360 eius
1384 1333 1472 1359 esse
1509 1319 1624 1369 (cum
1654 1319 1891 1369 praesertim
1929 1318 2087 1357 aliunde

328 1393 571 1438 compertum
594 1388 646 1426 sit
677 1400 840 1427 uxorem
859 1389 1118 1439 Polemonem
1147 1390 1314 1428 duxisse
1333 1389 1552 1427 Berenicen
1579 1388 1684 1438 regis
1704 1387 1879 1426 Herodis
1905 1386 2029 1425 filiam
2042 1386 2096 1437 3),

329 1456 398 1494 sed
435 1461 619 1504 matrem,
658 1457 750 1494 item
782 1458 846 1494 vel
883 1463 1046 1507 propter
1083 1458 1210 1496 solum
1240 1458 1506 1508 Tryphaenae
1537 1469 1680 1494 nomen
1709 1455 1882 1493 nummis
1920 1455 2005 1493 suis
2034 1455 2094 1493 in-

329 1525 520 1574 scriptum
549 1524 806 1562 Polemonem
837 1525 1004 1564 alterum
1035 1526 1195 1564 omnino
1226 1526 1276 1564 ad
1306 1526 1469 1576 stirpem
1493 1523 1633 1575 Cotyis
1661 1524 1909 1562 referendum
1939 1535 2028 1562 esse
2040 1523 2093 1574 4).

326 1593 388 1631 Ita
416 1594 491 1631 hoc
521 1605 678 1643 quoque
707 1594 952 1643 intellegitur
972 1594 1175 1633 Tiberium
1204 1594 1246 1632 in
1269 1594 1389 1632 Ponti
1418 1605 1539 1644 regno
1569 1593 1609 1630 id
1640 1593 1773 1644 ipsum
1802 1592 1956 1639 fecisse,
1987 1591 2095 1643 quod

325 1662 418 1699 fecit
446 1662 487 1699 in
519 1662 712 1708 Thracia,
750 1662 902 1700 scilicet
929 1662 1203 1712 Pythodoride
1238 1668 1305 1700 aut
1338 1668 1494 1700 mortua
1529 1668 1597 1699 aut
1626 1674 1650 1699 a
1677 1673 1799 1712 regno
1834 1665 1987 1698 remota
2013 1673 2095 1699 non

325 1730 462 1768 liberis
493 1730 579 1768 eius
609 1731 648 1767 id
678 1731 851 1778 tradidit,
884 1731 954 1768 sed
984 1731 1057 1769 sibi
1087 1731 1260 1769 retinuit.
1294 1729 1421 1769 Gaius
1453 1736 1582 1768 autem
1614 1742 1702 1766 cum
1732 1729 1927 1779 imperare
1950 1728 2093 1778 coepit,

325 1797 531 1836 deficiente
569 1798 753 1836 videlicet
793 1799 915 1848 stirpe
953 1798 1183 1837 Polemonis
1220 1799 1327 1836 virili
1368 1798 1590 1847 cognomini
1626 1796 1759 1846 nepoti
1802 1796 1887 1835 eius
1923 1809 1975 1834 ex
2009 1796 2094 1834 filia

324 1867 563 1904 consobrina
624 1867 707 1916 regi
758 1867 955 1905 Thraciae
1007 1872 1131 1916 nupta
1184 1879 1348 1917 regnum
1401 1865 1631 1903 Polemonis
1684 1864 1865 1911 tradidit,
1928 1863 1968 1901 id
2032 1869 2095 1902 est

323 1934 496 1972 Pontum
532 1940 571 1972 et
606 1935 851 1984 Bosporum3
896 1947 1064 1985 quorum
1097 1935 1342 1985 Bosporum,
1364 1946 1477 1971 -cum
1514 1932 1708 1971 Claudius
1751 1944 1917 1982 regnare
1962 1932 2094 1982 coepit

324 2014 359 2040 a.
391 2015 429 2051 p.
452 2001 546 2040 Chr.
569 2003 634 2050 41,
665 2002 832 2040 Polemo
862 2015 951 2041 cum
986 2002 1150 2041 Ciliciae
1180 2008 1292 2053 parte
1322 2007 1545 2052 permutare
1573 2005 1731 2038 coactus
1761 1999 1888 2050 est5),
1917 2000 2092 2038 Pontum

323 2070 486 2108 retinuit
521 2070 572 2108 ad
601 2084 636 2108 a.
667 2084 704 2121 p.
729 2069 822 2109 Chr.
845 2071 908 2118 63,
940 2083 1018 2120 quo
1048 2070 1159 2109 Nero
1190 2083 1279 2108 eum
1308 2071 1348 2108 in
1378 2069 1607 2121 provinciae
1635 2068 1802 2106 formam
1830 2067 2048 2118 redegitss).

435 2226 512 2271 11·
570 2221 722 2288 Cotys
761 2236 900 2286 Cotyis
938 2242 975 2275 et
1011 2238 1211 2275 Antoniae
1248 2236 1510 2286 Tryphaenae
1549 2236 1656 2273 filius
1700 2236 1841 2273 tertius
1881 2247 1960 2285 quo
1995 2241 2091 2272 tem-

323 2318 419 2355 pore
463 2306 606 2343 fratres
636 2306 830 2343 maiorum
874 2317 995 2355 regna
1034 2305 1163 2355 adepti
1201 2309 1312 2351 sunt,
1364 2310 1402 2342 et
1437 2305 1523 2354 ipse
1557 2310 1658 2342 teste
1694 2304 1850 2342 decreto
1892 2302 2090 2355 Cyziceno

322 2386 487 2424 regnum
518 2374 700 2428 obtinuit,
731 2374 835 2424 quod
857 2375 928 2412 sub
950 2373 1166 2411 maioribus
1197 2373 1278 2411 suis
1309 2372 1403 2410 olim
1434 2372 1576 2409 fuisset
1605 2371 1659 2421 (p.
1680 2371 1757 2410 259
1786 2371 1876 2410 adn.
1898 2371 1956 2420 4).
2004 2371 2087 2408 Ad-

426 2674 456 2716 l)
489 2675 725 2717 Waddington
754 2675 775 2706 l.
796 2685 823 2706 c.
851 2685 883 2716 p.
907 2675 986 2706 117.

424 2752 455 2795 ²)
487 2754 632 2796 Ephem.
659 2754 681 2785 l.
702 2764 729 2785 c.
758 2764 792 2795 p.
813 2754 894 2785 271.
947 2751 1000 2785 Cf.
1019 2752 1254 2794 Waddington
1282 2752 1305 2783 l.
1326 2762 1354 2783 c.
1381 2762 1414 2793 p.
1437 2752 1518 2783 120.

425 2832 457 2874 ³)
493 2831 629 2874 Ioseph.
652 2833 708 2872 20,
731 2833 762 2872 8,
783 2832 815 2864 3.

427 2910 459 2952 4)
496 2911 632 2944 Curtius
658 2912 695 2944 in
720 2911 803 2943 actis
830 2910 1010 2942 menstruis
1038 2909 1147 2941 citatis
1173 2920 1204 2951 p.
1226 2909 1271 2941 20
1298 2912 1388 2940 recte
1415 2908 1499 2940 vidit
1519 2907 1761 2949 Tryphaenam
1786 2907 1822 2938 in
1847 2906 1994 2938 nummis
2019 2906 2088 2938 Po-

321 2974 466 3006 lemonis
492 2977 714 3005 memoratam
742 2973 887 3005 eandam
913 2981 985 3004 esse
1011 2975 1111 3013 atque
1137 2981 1223 3012 quae
1249 2970 1443 3002 nominatur
1470 2970 1504 3001 in
1530 2969 1626 3000 titulo
1646 2968 1834 3010 Cyziceno;
1861 2967 1972 3000 minus
1997 2972 2088 3000 recte

320 3035 546 3068 Polemonem
570 3035 699 3066 iudicat
721 3034 832 3066 sorori
856 3034 945 3065 hune
970 3033 1135 3064 honorem
1159 3031 1330 3064 habuisse.
1378 3031 1469 3063 Nam
1495 3035 1531 3062 ut
1549 3031 1682 3062 mittam
1709 3030 1792 3061 talia
1821 3029 1923 3061 uxori
1945 3028 2087 3060 matrive

322 3097 432 3138 magis
453 3098 634 3128 convenire
661 3106 761 3139 quam
780 3096 902 3135 sorori,
929 3094 1061 3126 accedit
1086 3093 1177 3136 quod
1195 3092 1336 3124 Polemo
1362 3093 1390 3123 is
1418 3093 1511 3124 cuius
1537 3096 1655 3123 extant
1679 3090 1809 3123 nummi
1834 3094 1973 3132 propter
1997 3093 2087 3121 aeta-

321 3163 389 3190 tem
408 3169 477 3190 non
495 3162 606 3200 potest
623 3158 727 3190 fuisse
745 3158 833 3189 filius
852 3156 1049 3189 Polemonis
1067 3154 1314 3197 Pythodoridjs
1341 3154 1464 3186 mariti.
1490 3153 1641 3186 Proinde
1662 3151 1868 3194 Tryphaena
1892 3160 1961 3183 non
1987 3160 2086 3184 soror

323 3220 397 3252 eius
421 3220 496 3259 fuit,
525 3220 585 3251 sed
611 3224 669 3251 aut
695 3220 798 3251 amita
825 3223 882 3250 aut
908 3222 1025 3250 mater.

425 3297 456 3337 ⁵)
490 3298 560 3330 Dio
588 3299 645 3338 60,
675 3300 706 3330 8.
757 3297 894 3338 Ioseph.
924 3297 980 3335 20,
1011 3296 1042 3335 8,
1072 3295 1104 3327 3.

425 3374 456 3415 ⁶)
490 3376 583 3410 Suet.
609 3376 691 3409 Ner.
714 3377 769 3408 18.
818 3374 1021 3417 Marquardt
1047 3371 1371 3414 Seaatsverwaltunq
1401 3372 1432 3411 1,
1462 3372 1543 3403 202.
